3304 5295
244 591 1012 153 les prouuẽciaux si mõterent une mõtai

255 711 980 109 gne li ⁊ sa gent et ꝯmẽcierent a regarder

253 776 994 109 lost au roy charles et la gent corradin qͥ

261 847 986 109 gisoiẽt ꝑmi le champ. Quant dãt heuri

253 917 1003 112 les uit enmi le champ a bauieres desploie

255 982 995 106 es ⁊ les mors qui gisoient par terre si dist

255 1053 974 100 a sa gent. Seigneurs chłrs plains de ꝓ

258 1126 983 91 esce nous sõmes au iour dui beneurez et

258 1185 998 103 plains de bonne fortune. Nous auõs uaĩ

253 1259 988 100 cuz touz les fuianz de par dela ces mõtai

261 1323 974 106 gnes. Et les nr̃es que uous ueez en celle

255 1385 989 115 ualee montez sus leurs cheuaux ont des

258 1467 992 95 confit la gent charlot et touz ces frãcois

255 1532 989 94 dont uous ueez la terre couuerte de leurs

255 1603 977 100 charoignes. Lors descendirent młt liee

258 1670 992 103 mẽt de la mõtaigne et aprochierent des

255 1738 992 94 tentes le roy et entrerent euz et burẽt le

255 1803 977 94 uin quil trouuerent es bouciaux et la *

264 1867 983 109 pietaille quil y trouu̾ent bout̾ent hors ⁊

255 1941 1007 97 occistrẽt. Quant il orent beu le uin il issi

258 2012 980 97 rẽt des tentes et mõterent sus leurs che

258 2070 1021 115 uaus et si ꝯme il aprochierẽt il cognurẽt

255 2147 986 100 les banieres aus francois et sorẽt bñ q̃

253 2218 997 100 les alemans estoient uaincuz. Si fu le ᷑

255 2291 977 100 ioie tournee en tristeste. Tantost se re

255 2365 1004 82 cueillirent ensamble et alerent rengiez ⁊

258 2432 986 94 serrez a bataille contre le roy. Po᷑ ce ne

255 2497 995 97 failli pas cuer aus francois. si nestoiẽt il

255 2565 998 100 pas tãt ꝯme les espaignolz estoiẽt. Qnͣt

255 2644 1001 88 fnͣcois se furẽt reposez et il uirent leurs a

255 2709 998 94 nemis si malicieusement et si serrez. Si

258 2779 998 89 mistrẽt les hyaumues es testes et mõterẽt

255 2841 989 97 es cheuaux et les atendirent en la place

255 2915 998 91 ou il sestoient combatuz. Erart de uale

255 2982 1010 89 ri qui assez sot de bataille qui pres estoit

255 3050 995 82 du roy si li dist. Sire noz anemis uien

255 3118 1013 85 nẽt sagemẽt et si ioins et serrez q̃ a paine

255 3188 995 89 pourrõt estre ꝑciez. Dont sil uous plaist

258 3256 998 91 mestier seroit que nous ouurissõs daucu

261 3324 989 88 ne cautele a te quil sespandissẽt si q̃ noz

261 3388 1004 89 gẽs se boutassent en eulz et peussẽt cõba

258 3462 998 85 tre maĩ a main. Le roy respondi eslisies

258 3524 1012 100 de ur̃e gent ce qui uous en plaira ⁊ faites

261 3603 995 79 ce qui uous soit profitable et que leur *

261 3665 1004 94 bataille qui est fort et espesse puisse estre ꝑ

261 3732 1001 89 ciee. Erart prist .xxx. chłrs preux et esleuz

258 3800 1021 88 et se deseura de la compaigne le roy nene

261 3868 995 85 fist pas samblant quil se uousist ꝯbatre

261 3935 1001 92 Mais aussi ꝯme sil uousist fuir. Et se ha

258 4003 998 115 sta daler celle part ou fine aꝑt estre plus

1444 600 1000 132 seure. tantost les espaignolz les escrierẽt

1444 700 995 94 a haute uoiz. Il fuient. il fuient. si se des

1444 770 1012 97 seurerent pour aler apres. Et aĩsi frãcois

1444 841 1009 91 se ferirẽt entre eulz. Erart et ses ꝯpaignõs

1444 911 986 97 retorn̾ent arrieres et se ferirent en eulz *

1444 970 1012 106 dautre ꝑt. grant cri et grant noise menãt

1444 1044 1003 100 pour eulz plus esbahir. Quant il furẽt as

1447 1117 1021 92 samble la bataille fu trop fort ⁊ aspͤ. mais

1444 1176 1021 97 la ba gent dant henri furent si chargiez dar

1441 1241 1015 106 mes doubles que les cops des espees as frã

1441 1317 998 97 cois pou ualoient ou noient. Et pour ce q̃

1444 1394 997 85 les espaignolz nauoient pas acoustume a

1444 1462 1006 91 estre si chargiez darmes il en furent plꝰ pe

1447 1517 1021 97 sanz. et plus gours ne ne porent si uistem̃t

1447 1591 1021 91 ferir ne lancier contre leurs adu̾saires. Ꝙͣt

1444 1664 997 89 les francois uirent ce si cõmẽcierẽt a crier

1450 1717 1015 103 aus braz aus bras acolez getez a t̾re. adõc

1453 1800 1006 88 ꝯmẽcierent a prendre par espaules et les

1450 1862 994 94 trebuchierent entre les piez des cheuaus.

1447 1929 1006 97 Quãt ceulz aꝑcurent ce barat q̃ les fran

1450 1997 1039 103 cois leur faisoient si firent tant ꝑ force

1450 2067 1003 103 q̃ les francois ne les porent pas de legier

1453 2144 1012 97 aprouchier. Gui de monfort fu esprouue

1450 2218 1015 97 sus touz autres. Car des le cõmẽcem̃t de la

1453 2294 1015 97 bataille il se feri cõme foudre en eulz ⁊ fist

1450 2362 1024 88 tãt quil les ꝑca tout outre et retorna arri

1453 2420 1038 109 ere ꝑmi eulz en abatant qnͣquil ataignoit

1453 2500 1027 91 a plain cop si que toute la terre estoit cou

1450 2568 1009 94 u̾te de sanc par la ou il passoit. Ilec lui a

1450 2629 1003 97 uint q̃ son hyaume li torna ou chief si q̃

1453 2706 991 94 a pou q̃ la lame ne li failloit. ne ne pooit

1450 2773 994 92 ueoir mais il feroit a destre et a senestre.

1453 2844 1003 91 ne ne sauoit ou aussi cõme se il fust hors

1450 2912 1000 85 du sens. Quant erart uit le chłr en tel *

1450 2971 1021 97 point si en ot pitie et aprocha de li ⁊ le pͥst

1453 3047 988 94 ꝑ le hyaume et le tourna arriere a son

1450 3118 1018 91 droit. Quant gui senti quil estoit pris ꝑ

1453 3179 1018 103 le hyaume si hauca lespee pour ce q̃ il cui

1453 3256 1003 91 da estre pris et feri erait .i. grant cop des

1459 3321 1012 94 mesure. et eust tantost recouure lautre se

1456 3394 1015 91 ne fust ce que il le cognut a sa uoiz et a sa

1459 3471 988 79 raysõ. Dune ꝑt et dautre fu la bataille

1459 3535 1018 89 grant et dura lõguement tant que les es

1456 3603 1027 85 paignolz resortirent et furent touz esbahiz

1459 3671 953 94 q̃ si pou de gent porent durer atre eulz.

1462 3741 991 86 Quant daut henri les uit resortir si les

1453 3803 1024 97 blasma młt et leur dist que grant honte

1459 3880 1012 82 seroit a touz iours mais se si pou de gent

1456 3938 1000 95 les uainquoient. Lors quil entẽdirẽt ce

1459 4018 1006 112 il se ferirent tuit en la bataille młt fiere
