<?xml version="1.0" encoding="UTF-8"?>
<alto xmlns:xsi="http://www.w3.org/2001/XMLSchema-instance"
      xmlns="http://www.loc.gov/standards/alto/ns-v4#"
      xsi:schemaLocation="http://www.loc.gov/standards/alto/ns-v4# http://www.loc.gov/standards/alto/v4/alto-4-2.xsd">
  <Description>
    <MeasurementUnit>pixel</MeasurementUnit>
    <sourceImageInformation>
      <fileName>btv1b84472995_f715.jpg</fileName>
      
    </sourceImageInformation>
  </Description>
  
  <Tags>
    <OtherTag ID="BT15500" LABEL="MainZone" DESCRIPTION="block type MainZone"/><OtherTag ID="BT16241" LABEL="NumberingZone" DESCRIPTION="block type NumberingZone"/>
    <OtherTag ID="LT6549" LABEL="DefaultLine" DESCRIPTION="line type DefaultLine"/><OtherTag ID="LT7793" LABEL="HalfLine" DESCRIPTION="line type HalfLine"/><OtherTag ID="LT7794" LABEL="RubricLine" DESCRIPTION="line type RubricLine"/>
  </Tags>
  
  <Layout>
    <Page WIDTH="3445"
          HEIGHT="5277"
          PHYSICAL_IMG_NR="700"
          ID="eSc_dummypage_">
      <PrintSpace HPOS="0"
                  VPOS="0"
                  WIDTH="3445"
                  HEIGHT="5277">
        
        <TextBlock HPOS="328"
                   VPOS="562"
                   WIDTH="1170"
                   HEIGHT="3562"
                   ID="eSc_textblock_26191415"
                   TAGREFS="BT15500">
          <Shape><Polygon POINTS="1334 4124 410 4101 351 3984 328 3714 363 3409 328 3257 363 738 328 680 445 562 1498 568 1498 4089"/></Shape>
          
          
          <TextLine ID="eSc_line_882403f4"
                    TAGREFS="LT7793"
                    BASELINE="457 691 1077 683" 
                    HPOS="448"
                    VPOS="630"
                    WIDTH="625"
                    HEIGHT="104">
            <Shape><Polygon POINTS="453 729 1064 734 1073 681 1064 630 448 633 453 690"/></Shape>
	    <String CONTENT="en lost du Roy de france"
                    HPOS="448"
                    VPOS="630"
                    WIDTH="625"
                    HEIGHT="104"></String>
          </TextLine>

          
          
          <TextLine ID="eSc_line_4cbe7691"
                    TAGREFS="LT7793"
                    BASELINE="580 756 1445 750" 
                    HPOS="571"
                    VPOS="714"
                    WIDTH="881"
                    HEIGHT="86">
            <Shape><Polygon POINTS="576 787 1434 800 1443 747 1452 714 571 717 576 751"/></Shape>
	    <String CONTENT="Le xxiiii. chapitre. Comment la"
                    HPOS="571"
                    VPOS="714"
                    WIDTH="881"
                    HEIGHT="86"></String>
          </TextLine>

          
          
          <TextLine ID="eSc_line_76dc3463"
                    TAGREFS="LT6549"
                    BASELINE="448 823 1439 815" 
                    HPOS="445"
                    VPOS="759"
                    WIDTH="994"
                    HEIGHT="111">
            <Shape><Polygon POINTS="448 823 448 870 1436 847 1439 815 1430 776 1187 776 1178 771 1163 759 1161 759 1158 759 1155 759 1152 759 1119 771 1099 782 765 782 738 768 732 762 730 762 727 762 724 762 721 762 700 768 653 779 639 765 636 765 636 762 633 762 630 762 627 762 445 762 448 823"/></Shape>
	    <String CONTENT="contelle de hayuant pourchaca tant"
                    HPOS="445"
                    VPOS="759"
                    WIDTH="994"
                    HEIGHT="111"></String>
          </TextLine>

          
          
          <TextLine ID="eSc_line_105bf216"
                    TAGREFS="LT6549"
                    BASELINE="430 900 1433 882" 
                    HPOS="428"
                    VPOS="838"
                    WIDTH="1005"
                    HEIGHT="103">
            <Shape><Polygon POINTS="430 900 430 941 1433 911 1433 882 1424 838 428 847 430 900"/></Shape>
	    <String CONTENT="euuers le Roy de france et enuers le"
                    HPOS="428"
                    VPOS="838"
                    WIDTH="1005"
                    HEIGHT="103"></String>
          </TextLine>

          
          
          <TextLine ID="eSc_line_f14244f4"
                    TAGREFS="LT6549"
                    BASELINE="436 964 1451 952" 
                    HPOS="433"
                    VPOS="900"
                    WIDTH="1018"
                    HEIGHT="108">
            <Shape><Polygon POINTS="436 964 436 1008 1451 990 1451 952 1442 900 935 920 744 920 735 914 718 902 715 902 712 902 709 902 706 902 703 902 683 917 674 920 636 917 518 905 516 905 433 920 436 964"/></Shape>
	    <String CONTENT="Roy dangleterre que parlement se fist"
                    HPOS="433"
                    VPOS="900"
                    WIDTH="1018"
                    HEIGHT="108"></String>
          </TextLine>

          
          
          <TextLine ID="eSc_line_8f22cca6"
                    TAGREFS="LT6549"
                    BASELINE="433 1031 1416 1023" 
                    HPOS="430"
                    VPOS="976"
                    WIDTH="986"
                    HEIGHT="91">
            <Shape><Polygon POINTS="433 1031 433 1064 1410 1067 1416 1023 1407 976 430 982 433 1031"/></Shape>
	    <String CONTENT="entre enlz et diuision de pays et deli"
                    HPOS="430"
                    VPOS="976"
                    WIDTH="986"
                    HEIGHT="91"></String>
          </TextLine>

          
          
          <TextLine ID="eSc_line_89931fd0"
                    TAGREFS="LT7793"
                    BASELINE="433 1093 923 1090" 
                    HPOS="429"
                    VPOS="1055"
                    WIDTH="490"
                    HEIGHT="83">
            <Shape><Polygon POINTS="431 1125 910 1138 919 1086 910 1063 429 1055 431 1090"/></Shape>
	    <String CONTENT="beracion de treues"
                    HPOS="429"
                    VPOS="1055"
                    WIDTH="490"
                    HEIGHT="83"></String>
          </TextLine>

          
          
          <TextLine ID="eSc_line_277852c0"
                    TAGREFS="LT7793"
                    BASELINE="574 1166 1436 1155" 
                    HPOS="571"
                    VPOS="1117"
                    WIDTH="863"
                    HEIGHT="96">
            <Shape><Polygon POINTS="571 1213 1429 1200 1434 1152 1430 1117 576 1131 571 1165"/></Shape>
	    <String CONTENT="e .xxu. Comment le Roy garbus"
                    HPOS="571"
                    VPOS="1117"
                    WIDTH="863"
                    HEIGHT="96"></String>
          </TextLine>

          
          
          <TextLine ID="eSc_line_3b7daa8b"
                    TAGREFS="LT6549"
                    BASELINE="422 1228 1416 1228" 
                    HPOS="422"
                    VPOS="1184"
                    WIDTH="994"
                    HEIGHT="94">
            <Shape><Polygon POINTS="422 1228 422 1278 1416 1266 1416 1228 1413 1184 422 1187 422 1228"/></Shape>
	    <String CONTENT="uint a grant force de sarrazins en la"
                    HPOS="422"
                    VPOS="1184"
                    WIDTH="994"
                    HEIGHT="94"></String>
          </TextLine>

          
          
          <TextLine ID="eSc_line_043abe34"
                    TAGREFS="LT6549"
                    BASELINE="419 1295 1439 1295" 
                    HPOS="419"
                    VPOS="1245"
                    WIDTH="1020"
                    HEIGHT="88">
            <Shape><Polygon POINTS="419 1295 419 1333 1439 1333 1439 1295 1436 1245 419 1257 419 1295"/></Shape>
	    <String CONTENT="terre de garnate. Et comment le roy"
                    HPOS="419"
                    VPOS="1245"
                    WIDTH="1020"
                    HEIGHT="88"></String>
          </TextLine>

          
          
          <TextLine ID="eSc_line_f64a04b1"
                    TAGREFS="LT6549"
                    BASELINE="422 1369 1457 1360" 
                    HPOS="419"
                    VPOS="1313"
                    WIDTH="1038"
                    HEIGHT="105">
            <Shape><Polygon POINTS="422 1369 422 1395 480 1415 483 1415 486 1418 765 1418 765 1415 768 1415 812 1395 999 1395 1067 1413 1070 1413 1073 1413 1076 1413 1114 1392 1427 1410 1430 1410 1433 1410 1436 1410 1436 1407 1457 1386 1457 1360 1448 1313 419 1328 422 1369"/></Shape>
	    <String CONTENT="despaigne uint contre li et le Roy de por"
                    HPOS="419"
                    VPOS="1313"
                    WIDTH="1038"
                    HEIGHT="105"></String>
          </TextLine>

          
          
          <TextLine ID="eSc_line_cfae928a"
                    TAGREFS="LT6549"
                    BASELINE="425 1436 1442 1436" 
                    HPOS="425"
                    VPOS="1395"
                    WIDTH="1017"
                    HEIGHT="79">
            <Shape><Polygon POINTS="425 1436 425 1474 1442 1474 1442 1436 1439 1395 425 1395 425 1436"/></Shape>
	    <String CONTENT="tigal. et orent uictoire sus sarrazzis"
                    HPOS="425"
                    VPOS="1395"
                    WIDTH="1017"
                    HEIGHT="79"></String>
          </TextLine>

          
          
          <TextLine ID="eSc_line_1b82609d"
                    TAGREFS="LT6549"
                    BASELINE="425 1509 1439 1498" 
                    HPOS="422"
                    VPOS="1457"
                    WIDTH="1072"
                    HEIGHT="93">
            <Shape><Polygon POINTS="425 1550 1439 1542 1471 1512 1494 1457 422 1457 425 1509"/></Shape>
	    <String CONTENT="Et en la dite bataille furent occis .CC.ͫ"
                    HPOS="422"
                    VPOS="1457"
                    WIDTH="1072"
                    HEIGHT="93"></String>
          </TextLine>

          
          
          <TextLine ID="eSc_line_ff05af49"
                    TAGREFS="LT6549"
                    BASELINE="428 1580 1433 1568" 
                    HPOS="425"
                    VPOS="1527"
                    WIDTH="1008"
                    HEIGHT="91">
            <Shape><Polygon POINTS="428 1580 428 1612 1175 1618 1178 1618 1181 1618 1237 1600 1243 1600 1248 1600 1281 1615 1284 1615 1287 1615 1430 1597 1433 1568 1424 1527 425 1536 428 1580"/></Shape>
	    <String CONTENT="sarrazins. Et fu occis picazo filz au"
                    HPOS="425"
                    VPOS="1527"
                    WIDTH="1008"
                    HEIGHT="91"></String>
          </TextLine>

          
          
          <TextLine ID="eSc_line_ab0f060c"
                    TAGREFS="LT6549"
                    BASELINE="425 1638 1442 1632" 
                    HPOS="422"
                    VPOS="1583"
                    WIDTH="1020"
                    HEIGHT="105">
            <Shape><Polygon POINTS="425 1638 425 1688 1439 1668 1442 1632 1433 1583 422 1588 425 1638"/></Shape>
	    <String CONTENT="Roy de belle marme qui estoit uaillãt"
                    HPOS="422"
                    VPOS="1583"
                    WIDTH="1020"
                    HEIGHT="105"></String>
          </TextLine>

          
          
          <TextLine ID="eSc_line_1c2f4500"
                    TAGREFS="LT7793"
                    BASELINE="436 1692 949 1703" 
                    HPOS="431"
                    VPOS="1644"
                    WIDTH="514"
                    HEIGHT="97">
            <Shape><Polygon POINTS="431 1722 941 1741 945 1701 941 1644 435 1657 435 1688"/></Shape>
	    <String CONTENT="cheualier sarrazin"
                    HPOS="431"
                    VPOS="1644"
                    WIDTH="514"
                    HEIGHT="97"></String>
          </TextLine>

          
          
          <TextLine ID="eSc_line_3fcfc582"
                    TAGREFS="LT7793"
                    BASELINE="571 1776 1421 1776" 
                    HPOS="571"
                    VPOS="1726"
                    WIDTH="865"
                    HEIGHT="85">
            <Shape><Polygon POINTS="571 1805 1419 1811 1421 1776 1436 1738 571 1726 571 1776"/></Shape>
	    <String CONTENT="e .xxui. De la teneur dunes lr̃es"
                    HPOS="571"
                    VPOS="1726"
                    WIDTH="865"
                    HEIGHT="85"></String>
          </TextLine>

          
          
          <TextLine ID="eSc_line_3765ad1f"
                    TAGREFS="LT6549"
                    BASELINE="433 1844 1404 1838" 
                    HPOS="430"
                    VPOS="1794"
                    WIDTH="974"
                    HEIGHT="91">
            <Shape><Polygon POINTS="433 1885 1401 1882 1404 1838 1395 1794 430 1800 433 1844"/></Shape>
	    <String CONTENT="qui furent trouuees en un coffre que"
                    HPOS="430"
                    VPOS="1794"
                    WIDTH="974"
                    HEIGHT="91"></String>
          </TextLine>

          
          
          <TextLine ID="eSc_line_803455c9"
                    TAGREFS="LT6549"
                    BASELINE="419 1908 1404 1902" 
                    HPOS="416"
                    VPOS="1858"
                    WIDTH="988"
                    HEIGHT="85">
            <Shape><Polygon POINTS="419 1908 419 1943 1401 1937 1404 1902 1398 1858 416 1858 419 1908"/></Shape>
	    <String CONTENT="le grant caliphes auoit enuoiees au"
                    HPOS="416"
                    VPOS="1858"
                    WIDTH="988"
                    HEIGHT="85"></String>
          </TextLine>

          
          
          <TextLine ID="eSc_line_d2d7ac1c"
                    TAGREFS="LT7793"
                    BASELINE="433 1975 803 1981" 
                    HPOS="430"
                    VPOS="1931"
                    WIDTH="373"
                    HEIGHT="85">
            <Shape><Polygon POINTS="433 1975 430 2005 797 2016 803 1981 800 1931 433 1931 433 1975"/></Shape>
	    <String CONTENT="Roy garbus."
                    HPOS="430"
                    VPOS="1931"
                    WIDTH="373"
                    HEIGHT="85"></String>
          </TextLine>

          
          
          <TextLine ID="eSc_line_015e48dd"
                    TAGREFS="LT7793"
                    BASELINE="554 2043 1433 2043" 
                    HPOS="554"
                    VPOS="2005"
                    WIDTH="879"
                    HEIGHT="88">
            <Shape><Polygon POINTS="554 2043 554 2093 1433 2087 1433 2043 1433 2005 554 2005 554 2043"/></Shape>
	    <String CONTENT="e .xxuii. Comment le Roy de belle"
                    HPOS="554"
                    VPOS="2005"
                    WIDTH="879"
                    HEIGHT="88"></String>
          </TextLine>

          
          
          <TextLine ID="eSc_line_2dd60bb1"
                    TAGREFS="LT6549"
                    BASELINE="419 2119 1433 2110" 
                    HPOS="416"
                    VPOS="2069"
                    WIDTH="1017"
                    HEIGHT="91">
            <Shape><Polygon POINTS="419 2119 419 2145 753 2160 756 2160 759 2160 762 2160 782 2145 1207 2154 1210 2154 1433 2137 1433 2110 1424 2069 416 2075 419 2119"/></Shape>
	    <String CONTENT="marine et le Roy de marroc assemble"
                    HPOS="416"
                    VPOS="2069"
                    WIDTH="1017"
                    HEIGHT="91"></String>
          </TextLine>

          
          
          <TextLine ID="eSc_line_8cd55710"
                    TAGREFS="LT6549"
                    BASELINE="425 2189 1442 2178" 
                    HPOS="422"
                    VPOS="2131"
                    WIDTH="1020"
                    HEIGHT="102">
            <Shape><Polygon POINTS="425 2189 425 2233 1442 2207 1442 2178 1433 2131 422 2145 425 2189"/></Shape>
	    <String CONTENT="rent grant ost de sarrazins et uindrẽt"
                    HPOS="422"
                    VPOS="2131"
                    WIDTH="1020"
                    HEIGHT="102"></String>
          </TextLine>

          
          
          <TextLine ID="eSc_line_143ed3c5"
                    TAGREFS="LT6549"
                    BASELINE="425 2254 1404 2242" 
                    HPOS="422"
                    VPOS="2204"
                    WIDTH="982"
                    HEIGHT="85">
            <Shape><Polygon POINTS="425 2254 425 2289 1401 2289 1404 2242 1395 2204 422 2213 425 2254"/></Shape>
	    <String CONTENT="en espaigne. Et comment le roy al"
                    HPOS="422"
                    VPOS="2204"
                    WIDTH="982"
                    HEIGHT="85"></String>
          </TextLine>

          
          
          <TextLine ID="eSc_line_fa324876"
                    TAGREFS="LT6549"
                    BASELINE="425 2321 1454 2313" 
                    HPOS="422"
                    VPOS="2269"
                    WIDTH="1032"
                    HEIGHT="93">
            <Shape><Polygon POINTS="425 2321 425 2357 1389 2362 1392 2362 1395 2362 1454 2345 1454 2313 1448 2269 422 2269 425 2321"/></Shape>
	    <String CONTENT="phons despaigne les desconfist de rechief"
                    HPOS="422"
                    VPOS="2269"
                    WIDTH="1032"
                    HEIGHT="93"></String>
          </TextLine>

          
          
          <TextLine ID="eSc_line_43ced8d4"
                    TAGREFS="LT6549"
                    BASELINE="422 2389 1445 2383" 
                    HPOS="419"
                    VPOS="2345"
                    WIDTH="1026"
                    HEIGHT="88">
            <Shape><Polygon POINTS="422 2389 422 2427 1049 2433 1052 2433 1131 2418 1146 2418 1158 2418 1243 2433 1246 2433 1248 2433 1301 2418 1304 2418 1401 2433 1404 2433 1407 2433 1445 2415 1445 2383 1436 2345 419 2345 422 2389"/></Shape>
	    <String CONTENT="et ot des sarrazins mors .xxx. ͫ hõmes"
                    HPOS="419"
                    VPOS="2345"
                    WIDTH="1026"
                    HEIGHT="88"></String>
          </TextLine>

          
          
          <TextLine ID="eSc_line_a4b0bbcd"
                    TAGREFS="LT7793"
                    BASELINE="430 2456 1088 2451" 
                    HPOS="422"
                    VPOS="2412"
                    WIDTH="664"
                    HEIGHT="81">
            <Shape><Polygon POINTS="426 2493 1077 2491 1086 2449 1081 2415 422 2412 426 2453"/></Shape>
	    <String CONTENT="acheual et .l. mile apie"
                    HPOS="422"
                    VPOS="2412"
                    WIDTH="664"
                    HEIGHT="81"></String>
          </TextLine>

          
          
          <TextLine ID="eSc_line_c1b58f85"
                    TAGREFS="LT7793"
                    BASELINE="589 2527 1448 2518" 
                    HPOS="568"
                    VPOS="2468"
                    WIDTH="880"
                    HEIGHT="94">
            <Shape><Polygon POINTS="589 2562 1445 2553 1448 2518 1439 2468 586 2477 568 2527"/></Shape>
	    <String CONTENT="e .xxuiii. Comment le duc Iehã"
                    HPOS="568"
                    VPOS="2468"
                    WIDTH="880"
                    HEIGHT="94"></String>
          </TextLine>

          
          
          <TextLine ID="eSc_line_bd317e7c"
                    TAGREFS="LT6549"
                    BASELINE="419 2594 1460 2582" 
                    HPOS="416"
                    VPOS="2535"
                    WIDTH="1044"
                    HEIGHT="97">
            <Shape><Polygon POINTS="419 2594 419 2629 1413 2632 1416 2632 1419 2632 1460 2615 1460 2582 1451 2535 615 2550 592 2550 454 2535 451 2535 448 2535 416 2547 419 2594"/></Shape>
	    <String CONTENT="de bretaigne mourut sanz hoir de son"
                    HPOS="416"
                    VPOS="2535"
                    WIDTH="1044"
                    HEIGHT="97"></String>
          </TextLine>

          
          
          <TextLine ID="eSc_line_99718f9e"
                    TAGREFS="LT6549"
                    BASELINE="416 2659 1413 2653" 
                    HPOS="413"
                    VPOS="2609"
                    WIDTH="1000"
                    HEIGHT="93">
            <Shape><Polygon POINTS="416 2659 416 2688 908 2702 911 2702 1410 2682 1413 2653 1407 2609 413 2609 416 2659"/></Shape>
	    <String CONTENT="corps pour quoy nuit grant discort"
                    HPOS="413"
                    VPOS="2609"
                    WIDTH="1000"
                    HEIGHT="93"></String>
          </TextLine>

          
          
          <TextLine ID="eSc_line_abf9ba47"
                    TAGREFS="LT6549"
                    BASELINE="422 2726 1468 2723" 
                    HPOS="419"
                    VPOS="2667"
                    WIDTH="1049"
                    HEIGHT="100">
            <Shape><Polygon POINTS="422 2726 422 2767 1465 2764 1468 2723 1460 2667 1351 2682 967 2673 615 2667 612 2667 609 2667 606 2667 586 2682 580 2685 419 2685 422 2726"/></Shape>
	    <String CONTENT="entre charles de blois et le conte de mõ"
                    HPOS="419"
                    VPOS="2667"
                    WIDTH="1049"
                    HEIGHT="100"></String>
          </TextLine>

          
          
          <TextLine ID="eSc_line_82bf0644"
                    TAGREFS="LT6549"
                    BASELINE="419 2799 1460 2788" 
                    HPOS="416"
                    VPOS="2744"
                    WIDTH="1044"
                    HEIGHT="90">
            <Shape><Polygon POINTS="419 2799 419 2834 1460 2826 1460 2788 1451 2744 416 2758 419 2799"/></Shape>
	    <String CONTENT="fort pour auoir la deuant dite duchiee"
                    HPOS="416"
                    VPOS="2744"
                    WIDTH="1044"
                    HEIGHT="90"></String>
          </TextLine>

          
          
          <TextLine ID="eSc_line_2a0f8545"
                    TAGREFS="LT7793"
                    BASELINE="422 2864 754 2855" 
                    HPOS="413"
                    VPOS="2805"
                    WIDTH="339"
                    HEIGHT="114">
            <Shape><Polygon POINTS="417 2919 752 2911 752 2853 739 2805 413 2823 417 2862"/></Shape>
	    <String CONTENT="de bretaigne"
                    HPOS="413"
                    VPOS="2805"
                    WIDTH="339"
                    HEIGHT="114"></String>
          </TextLine>

          
          
          <TextLine ID="eSc_line_ea0abb33"
                    TAGREFS="LT7793"
                    BASELINE="565 2934 1407 2928" 
                    HPOS="562"
                    VPOS="2881"
                    WIDTH="845"
                    HEIGHT="100">
            <Shape><Polygon POINTS="565 2934 565 2981 1404 2960 1407 2928 1401 2887 562 2881 565 2934"/></Shape>
	    <String CONTENT="e .xuiii. Comment les treues"
                    HPOS="562"
                    VPOS="2881"
                    WIDTH="845"
                    HEIGHT="100"></String>
          </TextLine>

          
          
          <TextLine ID="eSc_line_e515bc18"
                    TAGREFS="LT7793"
                    BASELINE="419 2999 1398 2993" 
                    HPOS="413"
                    VPOS="2951"
                    WIDTH="1015"
                    HEIGHT="96">
            <Shape><Polygon POINTS="413 2966 417 2994 417 3047 1411 3030 1420 2993 1428 2951"/></Shape>
	    <String CONTENT="furent alongiees entre le roy de fran"
                    HPOS="413"
                    VPOS="2951"
                    WIDTH="1015"
                    HEIGHT="96"></String>
          </TextLine>

          
          
          <TextLine ID="eSc_line_f2a02018"
                    TAGREFS="LT7793"
                    BASELINE="419 3072 1433 3066" 
                    HPOS="416"
                    VPOS="3007"
                    WIDTH="1017"
                    HEIGHT="91">
            <Shape><Polygon POINTS="419 3072 419 3098 1430 3092 1433 3066 1424 3019 1287 3025 1272 3019 1240 3007 1237 3007 1234 3007 1231 3007 1228 3007 1228 3010 1216 3022 1210 3028 947 3028 944 3025 900 3010 897 3010 894 3010 891 3010 853 3025 847 3031 691 3031 691 3028 642 3010 639 3010 483 3010 480 3010 477 3010 416 3031 419 3072"/></Shape>
	    <String CONTENT="ce et le Roy dangleterre et les flamẽs"
                    HPOS="416"
                    VPOS="3007"
                    WIDTH="1017"
                    HEIGHT="91"></String>
          </TextLine>

          
          
          <TextLine ID="eSc_line_3b3a3bd6"
                    TAGREFS="LT7793"
                    BASELINE="422 3142 1451 3133" 
                    HPOS="419"
                    VPOS="3078"
                    WIDTH="1032"
                    HEIGHT="111">
            <Shape><Polygon POINTS="425 3189 457 3174 1448 3174 1451 3133 1442 3078 419 3098 422 3142"/></Shape>
	    <String CONTENT="Et commient le pape benedic mourut"
                    HPOS="419"
                    VPOS="3078"
                    WIDTH="1032"
                    HEIGHT="111"></String>
          </TextLine>

          
          
          <TextLine ID="eSc_line_44027c6d"
                    TAGREFS="LT7793"
                    BASELINE="422 3207 1439 3207" 
                    HPOS="422"
                    VPOS="3166"
                    WIDTH="1017"
                    HEIGHT="85">
            <Shape><Polygon POINTS="422 3236 1436 3251 1439 3207 1439 3166 422 3166 422 3207"/></Shape>
	    <String CONTENT="Et apres lui fu fait pape Clement le"
                    HPOS="422"
                    VPOS="3166"
                    WIDTH="1017"
                    HEIGHT="85"></String>
          </TextLine>

          
          
          <TextLine ID="eSc_line_1aa93a27"
                    TAGREFS="LT7793"
                    BASELINE="422 3274 1451 3268" 
                    HPOS="419"
                    VPOS="3224"
                    WIDTH="1032"
                    HEIGHT="91">
            <Shape><Polygon POINTS="422 3274 422 3301 929 3315 932 3315 935 3315 985 3301 988 3301 1451 3301 1451 3268 1445 3227 419 3224 422 3274"/></Shape>
	    <String CONTENT=".uiͤ. et comment les cardinaulx uin"
                    HPOS="419"
                    VPOS="3224"
                    WIDTH="1032"
                    HEIGHT="91"></String>
          </TextLine>

          
          
          <TextLine ID="eSc_line_5d5d691d"
                    TAGREFS="LT7793"
                    BASELINE="410 3342 1404 3336" 
                    HPOS="407"
                    VPOS="3286"
                    WIDTH="997"
                    HEIGHT="100">
            <Shape><Polygon POINTS="410 3371 903 3386 905 3386 908 3386 911 3386 929 3371 1360 3383 1363 3383 1366 3383 1404 3365 1404 3336 1398 3292 407 3286 410 3342"/></Shape>
	    <String CONTENT="drent en france pour traittier de la"
                    HPOS="407"
                    VPOS="3286"
                    WIDTH="997"
                    HEIGHT="100"></String>
          </TextLine>

          
          
          <TextLine ID="eSc_line_af06af28"
                    TAGREFS="LT7793"
                    BASELINE="428 3409 903 3401" 
                    HPOS="422"
                    VPOS="3360"
                    WIDTH="479"
                    HEIGHT="87">
            <Shape><Polygon POINTS="426 3447 897 3441 901 3399 899 3360 422 3364 426 3408"/></Shape>
	    <String CONTENT="paix. des .ii. Roys."
                    HPOS="422"
                    VPOS="3360"
                    WIDTH="479"
                    HEIGHT="87"></String>
          </TextLine>

          
          
          <TextLine ID="eSc_line_cc1ff7eb"
                    TAGREFS="LT7793"
                    BASELINE="556 3476 1416 3465" 
                    HPOS="554"
                    VPOS="3422"
                    WIDTH="858"
                    HEIGHT="100">
            <Shape><Polygon POINTS="554 3522 1407 3509 1412 3460 1406 3422 560 3444 554 3474"/></Shape>
	    <String CONTENT="e .xxx. chapitre fait memoire de"
                    HPOS="554"
                    VPOS="3422"
                    WIDTH="858"
                    HEIGHT="100"></String>
          </TextLine>

          
          
          <TextLine ID="eSc_line_d10d6f43"
                    TAGREFS="LT6549"
                    BASELINE="419 3547 1457 3532" 
                    HPOS="416"
                    VPOS="3494"
                    WIDTH="1041"
                    HEIGHT="94">
            <Shape><Polygon POINTS="419 3588 1454 3570 1457 3532 1452 3494 416 3517 419 3547"/></Shape>
	    <String CONTENT="la fourme des treues et du traictie fait"
                    HPOS="416"
                    VPOS="3494"
                    WIDTH="1041"
                    HEIGHT="94"></String>
          </TextLine>

          
          
          <TextLine ID="eSc_line_9a71d89f"
                    TAGREFS="LT6549"
                    BASELINE="413 3608 1424 3603" 
                    HPOS="410"
                    VPOS="3550"
                    WIDTH="1014"
                    HEIGHT="88">
            <Shape><Polygon POINTS="413 3608 413 3638 1421 3632 1424 3603 1416 3550 410 3559 413 3608"/></Shape>
	    <String CONTENT="entre les .ii. Roys par les cardinaulx"
                    HPOS="410"
                    VPOS="3550"
                    WIDTH="1014"
                    HEIGHT="88"></String>
          </TextLine>

          
          
          <TextLine ID="eSc_line_e277d1cc"
                    TAGREFS="LT7793"
                    BASELINE="554 3676 1430 3664" 
                    HPOS="551"
                    VPOS="3614"
                    WIDTH="879"
                    HEIGHT="103">
            <Shape><Polygon POINTS="554 3676 554 3717 1430 3696 1430 3664 1421 3614 551 3623 554 3676"/></Shape>
	    <String CONTENT="e .xxxi. Comment dissencion se"
                    HPOS="551"
                    VPOS="3614"
                    WIDTH="879"
                    HEIGHT="103"></String>
          </TextLine>

          
          
          <TextLine ID="eSc_line_87961261"
                    TAGREFS="LT6549"
                    BASELINE="410 3737 1398 3732" 
                    HPOS="407"
                    VPOS="3693"
                    WIDTH="991"
                    HEIGHT="91">
            <Shape><Polygon POINTS="410 3737 410 3784 1395 3767 1398 3732 1389 3693 407 3699 410 3737"/></Shape>
	    <String CONTENT="nuit entre les barons de normandie"
                    HPOS="407"
                    VPOS="3693"
                    WIDTH="991"
                    HEIGHT="91"></String>
          </TextLine>

          
          
          <TextLine ID="eSc_line_46d0b38f"
                    TAGREFS="LT6549"
                    BASELINE="404 3808 1427 3802" 
                    HPOS="401"
                    VPOS="3746"
                    WIDTH="1026"
                    HEIGHT="94">
            <Shape><Polygon POINTS="404 3808 404 3840 1427 3840 1427 3802 1419 3746 401 3761 404 3808"/></Shape>
	    <String CONTENT="et coment ceulz dorliens pristrent blez"
                    HPOS="401"
                    VPOS="3746"
                    WIDTH="1026"
                    HEIGHT="94"></String>
          </TextLine>

          
          
          <TextLine ID="eSc_line_824189ff"
                    TAGREFS="LT6549"
                    BASELINE="413 3878 1433 3863" 
                    HPOS="410"
                    VPOS="3817"
                    WIDTH="1023"
                    HEIGHT="93">
            <Shape><Polygon POINTS="413 3878 413 3910 1433 3890 1433 3863 1427 3822 832 3817 829 3817 826 3817 788 3831 779 3831 559 3822 557 3822 410 3837 413 3878"/></Shape>
	    <String CONTENT="qui estoient en nefz sur la riuiere de"
                    HPOS="410"
                    VPOS="3817"
                    WIDTH="1023"
                    HEIGHT="93"></String>
          </TextLine>

          
          
          <TextLine ID="eSc_line_3599238d"
                    TAGREFS="LT6549"
                    BASELINE="410 3948 1427 3931" 
                    HPOS="407"
                    VPOS="3878"
                    WIDTH="1020"
                    HEIGHT="103">
            <Shape><Polygon POINTS="410 3948 410 3981 1427 3957 1427 3931 1419 3878 407 3893 410 3948"/></Shape>
	    <String CONTENT="loire. et comment le Roy de france en"
                    HPOS="407"
                    VPOS="3878"
                    WIDTH="1020"
                    HEIGHT="103"></String>
          </TextLine>

          
          
          <TextLine ID="eSc_line_66fba244"
                    TAGREFS="LT6549"
                    BASELINE="416 4013 1404 4007" 
                    HPOS="413"
                    VPOS="3960"
                    WIDTH="991"
                    HEIGHT="112">
            <Shape><Polygon POINTS="416 4072 1401 4060 1404 4007 1395 3960 413 3966 416 4013"/></Shape>
	    <String CONTENT="uoia a orliens le Sire deham pour"
                    HPOS="413"
                    VPOS="3960"
                    WIDTH="991"
                    HEIGHT="112"></String>
          </TextLine>

          
        </TextBlock>
        
        <TextBlock HPOS="1581"
                   VPOS="568"
                   WIDTH="1160"
                   HEIGHT="3556"
                   ID="eSc_textblock_e6e7ca2e"
                   TAGREFS="BT15500">
          <Shape><Polygon POINTS="2577 574 2706 621 2741 1380 2694 3353 2717 4042 2682 4077 1779 4124 1603 4066 1581 4071 1581 568"/></Shape>
          
          
          <TextLine ID="eSc_line_550766d9"
                    TAGREFS="LT7793"
                    BASELINE="1638 683 2486 674" 
                    HPOS="1636"
                    VPOS="620"
                    WIDTH="850"
                    HEIGHT="98">
            <Shape><Polygon POINTS="1638 712 2483 718 2486 674 2477 625 1636 620 1638 683"/></Shape>
	    <String CONTENT="faire pendre ceuls qui ce firent."
                    HPOS="1636"
                    VPOS="620"
                    WIDTH="850"
                    HEIGHT="98"></String>
          </TextLine>

          
          
          <TextLine ID="eSc_line_0c6e7e06"
                    TAGREFS="LT7793"
                    BASELINE="1767 753 2600 738" 
                    HPOS="1765"
                    VPOS="703"
                    WIDTH="835"
                    HEIGHT="94">
            <Shape><Polygon POINTS="1767 779 1929 797 1932 797 1935 797 2005 776 2014 776 2020 776 2093 794 2096 794 2275 773 2310 771 2330 773 2418 788 2421 788 2597 768 2600 738 2591 703 1765 703 1767 753"/></Shape>
	    <String CONTENT="e .xxxii. Comment les faux"
                    HPOS="1765"
                    VPOS="703"
                    WIDTH="835"
                    HEIGHT="94"></String>
          </TextLine>

          
          
          <TextLine ID="eSc_line_9f3bfec2"
                    TAGREFS="LT7793"
                    BASELINE="1630 823 2624 812" 
                    HPOS="1627"
                    VPOS="768"
                    WIDTH="997"
                    HEIGHT="99">
            <Shape><Polygon POINTS="1630 867 2618 856 2624 812 2618 768 1627 792 1630 823"/></Shape>
	    <String CONTENT="seelleurs orent les poins copez. Et"
                    HPOS="1627"
                    VPOS="768"
                    WIDTH="997"
                    HEIGHT="99"></String>
          </TextLine>

          
          
          <TextLine ID="eSc_line_af2cb4c8"
                    TAGREFS="LT6549"
                    BASELINE="1627 888 2647 873" 
                    HPOS="1624"
                    VPOS="832"
                    WIDTH="1023"
                    HEIGHT="94">
            <Shape><Polygon POINTS="1627 888 1627 926 2647 920 2647 873 2638 832 1624 844 1627 888"/></Shape>
	    <String CONTENT="comment monẜ Oliuier de clichon"
                    HPOS="1624"
                    VPOS="832"
                    WIDTH="1023"
                    HEIGHT="94"></String>
          </TextLine>

          
          
          <TextLine ID="eSc_line_7b5a35ac"
                    TAGREFS="LT6549"
                    BASELINE="1630 958 2641 943" 
                    HPOS="1627"
                    VPOS="900"
                    WIDTH="1014"
                    HEIGHT="102">
            <Shape><Polygon POINTS="1630 958 1630 1002 2638 979 2641 943 2635 905 1829 900 1826 900 1627 917 1630 958"/></Shape>
	    <String CONTENT="ot la teste coppee es halles de paris et"
                    HPOS="1627"
                    VPOS="900"
                    WIDTH="1014"
                    HEIGHT="102"></String>
          </TextLine>

          
          
          <TextLine ID="eSc_line_d58da058"
                    TAGREFS="LT6549"
                    BASELINE="1630 1026 2676 1017" 
                    HPOS="1623"
                    VPOS="981"
                    WIDTH="1056"
                    HEIGHT="83">
            <Shape><Polygon POINTS="1627 1064 2670 1059 2675 1015 2679 985 1623 981 1627 1024"/></Shape>
	    <String CONTENT="pluseurs autres cheualiers ⁊ escuiers"
                    HPOS="1623"
                    VPOS="981"
                    WIDTH="1056"
                    HEIGHT="83"></String>
          </TextLine>

          
          
          <TextLine ID="eSc_line_723cdc25"
                    TAGREFS="LT6549"
                    BASELINE="1630 1093 2606 1078" 
                    HPOS="1627"
                    VPOS="1043"
                    WIDTH="979"
                    HEIGHT="97">
            <Shape><Polygon POINTS="1630 1093 1630 1140 2603 1114 2606 1078 2600 1043 1627 1043 1630 1093"/></Shape>
	    <String CONTENT="de bretaigne et de normandie. Et"
                    HPOS="1627"
                    VPOS="1043"
                    WIDTH="979"
                    HEIGHT="97"></String>
          </TextLine>

          
          
          <TextLine ID="eSc_line_44b926cf"
                    TAGREFS="LT6549"
                    BASELINE="1618 1158 2665 1149" 
                    HPOS="1615"
                    VPOS="1093"
                    WIDTH="1050"
                    HEIGHT="108">
            <Shape><Polygon POINTS="1618 1158 1618 1190 2295 1201 2298 1201 2301 1201 2304 1201 2304 1199 2319 1187 2585 1199 2588 1199 2662 1181 2665 1149 2656 1093 2539 1108 2196 1102 1979 1099 1976 1099 1973 1099 1952 1108 1937 1116 1615 1116 1618 1158"/></Shape>
	    <String CONTENT="comment il fu grande chierte de toutes"
                    HPOS="1615"
                    VPOS="1093"
                    WIDTH="1050"
                    HEIGHT="108"></String>
          </TextLine>

          
          
          <TextLine ID="eSc_line_345580da"
                    TAGREFS="LT6549"
                    BASELINE="1627 1228 2451 1228 2659 1213" 
                    HPOS="1624"
                    VPOS="1172"
                    WIDTH="1035"
                    HEIGHT="97">
            <Shape><Polygon POINTS="1627 1228 1627 1254 2219 1269 2222 1269 2659 1251 2659 1213 2650 1172 1624 1181 1627 1228"/></Shape>
	    <String CONTENT="manieres de uiures pour la mutaciõ"
                    HPOS="1624"
                    VPOS="1172"
                    WIDTH="1035"
                    HEIGHT="97"></String>
          </TextLine>

          
          
          <TextLine ID="eSc_line_6e9aef02"
                    TAGREFS="LT7793"
                    BASELINE="1630 1292 2099 1289" 
                    HPOS="1627"
                    VPOS="1243"
                    WIDTH="472"
                    HEIGHT="96">
            <Shape><Polygon POINTS="1630 1292 1630 1322 1759 1322 1762 1322 1791 1339 1794 1339 1797 1339 1800 1339 2096 1325 2099 1289 2090 1243 1627 1251 1630 1292"/></Shape>
	    <String CONTENT="des monnoies."
                    HPOS="1627"
                    VPOS="1243"
                    WIDTH="472"
                    HEIGHT="96"></String>
          </TextLine>

          
          
          <TextLine ID="eSc_line_a22be766"
                    TAGREFS="LT7793"
                    BASELINE="1765 1366 2647 1357" 
                    HPOS="1762"
                    VPOS="1313"
                    WIDTH="885"
                    HEIGHT="97">
            <Shape><Polygon POINTS="1765 1366 1767 1410 1806 1395 1844 1410 1847 1410 1850 1410 1852 1410 1870 1410 2025 1395 2046 1407 2049 1410 2052 1410 2055 1410 2058 1410 2108 1407 2351 1389 2401 1404 2404 1404 2407 1407 2544 1407 2544 1404 2547 1404 2550 1404 2550 1401 2565 1389 2644 1401 2647 1357 2641 1319 1762 1313 1765 1366"/></Shape>
	    <String CONTENT="e .xxxiii. Comment Henry de"
                    HPOS="1762"
                    VPOS="1313"
                    WIDTH="885"
                    HEIGHT="97"></String>
          </TextLine>

          
          
          <TextLine ID="eSc_line_03f7c6be"
                    TAGREFS="LT6549"
                    BASELINE="1624 1433 2641 1433" 
                    HPOS="1624"
                    VPOS="1392"
                    WIDTH="1017"
                    HEIGHT="88">
            <Shape><Polygon POINTS="1624 1433 1624 1480 2641 1477 2641 1433 2641 1392 1624 1392 1624 1433"/></Shape>
	    <String CONTENT="malestroit clerc du Roy de france fu"
                    HPOS="1624"
                    VPOS="1392"
                    WIDTH="1017"
                    HEIGHT="88"></String>
          </TextLine>

          
          
          <TextLine ID="eSc_line_432e38de"
                    TAGREFS="LT6549"
                    BASELINE="1627 1506 2638 1492" 
                    HPOS="1624"
                    VPOS="1454"
                    WIDTH="1014"
                    HEIGHT="90">
            <Shape><Polygon POINTS="1627 1506 1627 1544 2635 1527 2638 1492 2629 1454 1624 1465 1627 1506"/></Shape>
	    <String CONTENT="mis en leschielle ou paruys deuant"
                    HPOS="1624"
                    VPOS="1454"
                    WIDTH="1014"
                    HEIGHT="90"></String>
          </TextLine>

          
          
          <TextLine ID="eSc_line_a8f5ec54"
                    TAGREFS="LT6549"
                    BASELINE="1624 1574 2641 1562" 
                    HPOS="1621"
                    VPOS="1521"
                    WIDTH="1020"
                    HEIGHT="88">
            <Shape><Polygon POINTS="1624 1574 1624 1609 2638 1597 2641 1562 2632 1521 1621 1521 1624 1574"/></Shape>
	    <String CONTENT="nostre dame de paris et puis fu mis"
                    HPOS="1621"
                    VPOS="1521"
                    WIDTH="1020"
                    HEIGHT="88"></String>
          </TextLine>

          
          
          <TextLine ID="eSc_line_9625bfb4"
                    TAGREFS="LT6549"
                    BASELINE="1627 1641 2668 1630" 
                    HPOS="1624"
                    VPOS="1577"
                    WIDTH="1044"
                    HEIGHT="96">
            <Shape><Polygon POINTS="1627 1641 1627 1673 2665 1671 2668 1630 2659 1577 1785 1597 1641 1586 1638 1586 1636 1586 1633 1586 1633 1588 1624 1594 1627 1641"/></Shape>
	    <String CONTENT="en une des prisons de la court a leuesq̃"
                    HPOS="1624"
                    VPOS="1577"
                    WIDTH="1044"
                    HEIGHT="96"></String>
          </TextLine>

          
          
          <TextLine ID="eSc_line_84e756df"
                    TAGREFS="LT6549"
                    BASELINE="1624 1709 2676 1700" 
                    HPOS="1621"
                    VPOS="1659"
                    WIDTH="1055"
                    HEIGHT="91">
            <Shape><Polygon POINTS="1624 1709 1624 1750 2418 1732 2670 1744 2676 1700 2668 1659 1621 1659 1624 1709"/></Shape>
	    <String CONTENT="la quelle est appellee oubliete et leenz"
                    HPOS="1621"
                    VPOS="1659"
                    WIDTH="1055"
                    HEIGHT="91"></String>
          </TextLine>

          
          
          <TextLine ID="eSc_line_73b58b40"
                    TAGREFS="LT7793"
                    BASELINE="1633 1773 1891 1770" 
                    HPOS="1630"
                    VPOS="1726"
                    WIDTH="261"
                    HEIGHT="88">
            <Shape><Polygon POINTS="1633 1773 1633 1814 1891 1808 1891 1770 1882 1726 1630 1729 1633 1773"/></Shape>
	    <String CONTENT="mourut."
                    HPOS="1630"
                    VPOS="1726"
                    WIDTH="261"
                    HEIGHT="88"></String>
          </TextLine>

          
          
          <TextLine ID="eSc_line_e1081f8b"
                    TAGREFS="LT7793"
                    BASELINE="1797 1838 2668 1823" 
                    HPOS="1794"
                    VPOS="1770"
                    WIDTH="874"
                    HEIGHT="100">
            <Shape><Polygon POINTS="1797 1838 1797 1870 2665 1858 2668 1823 2662 1785 2500 1770 2497 1770 2137 1791 1835 1782 1832 1782 1829 1782 1794 1794 1797 1838"/></Shape>
	    <String CONTENT=".xxxiiii. Comment les gascoins"
                    HPOS="1794"
                    VPOS="1770"
                    WIDTH="874"
                    HEIGHT="100"></String>
          </TextLine>

          
          
          <TextLine ID="eSc_line_9bd45439"
                    TAGREFS="LT6549"
                    BASELINE="1630 1914 2673 1890" 
                    HPOS="1627"
                    VPOS="1832"
                    WIDTH="1046"
                    HEIGHT="117">
            <Shape><Polygon POINTS="1630 1914 1630 1946 2278 1949 2281 1949 2673 1923 2673 1890 2659 1832 2632 1852 2404 1855 2319 1841 2301 1838 2298 1838 2295 1838 2292 1838 2292 1841 2269 1858 2187 1844 2172 1841 2169 1841 2166 1841 2163 1841 2160 1844 2131 1861 2084 1844 2081 1844 2078 1844 2075 1844 2072 1844 2067 1844 2025 1858 1932 1846 1914 1846 1911 1846 1908 1846 1905 1846 1905 1849 1876 1864 1627 1855 1630 1914"/></Shape>
	    <String CONTENT="et les bourdelois briserent les treues en"
                    HPOS="1627"
                    VPOS="1832"
                    WIDTH="1046"
                    HEIGHT="117"></String>
          </TextLine>

          
          
          <TextLine ID="eSc_line_4be8d84c"
                    TAGREFS="LT6549"
                    BASELINE="1624 1973 2656 1961" 
                    HPOS="1621"
                    VPOS="1911"
                    WIDTH="1035"
                    HEIGHT="100">
            <Shape><Polygon POINTS="1624 1973 1624 2011 2653 1993 2656 1961 2647 1911 1621 1920 1624 1973"/></Shape>
	    <String CONTENT="tre les deux Roys. Et comment toute"
                    HPOS="1621"
                    VPOS="1911"
                    WIDTH="1035"
                    HEIGHT="100"></String>
          </TextLine>

          
          
          <TextLine ID="eSc_line_858f6e1a"
                    TAGREFS="LT6549"
                    BASELINE="1618 2046 2668 2031" 
                    HPOS="1615"
                    VPOS="1984"
                    WIDTH="1053"
                    HEIGHT="91">
            <Shape><Polygon POINTS="1618 2046 1618 2075 2665 2060 2668 2031 2662 1984 1920 1984 1917 1984 1905 1984 1800 2002 1615 1987 1618 2046"/></Shape>
	    <String CONTENT="la baronnie de haynau fu desconfite en"
                    HPOS="1615"
                    VPOS="1984"
                    WIDTH="1053"
                    HEIGHT="91"></String>
          </TextLine>

          
          
          <TextLine ID="eSc_line_749a4f7f"
                    TAGREFS="LT7793"
                    BASELINE="1627 2116 1773 2113" 
                    HPOS="1624"
                    VPOS="2066"
                    WIDTH="149"
                    HEIGHT="77">
            <Shape><Polygon POINTS="1627 2116 1627 2137 1770 2143 1773 2113 1765 2066 1624 2066 1627 2116"/></Shape>
	    <String CONTENT="frise."
                    HPOS="1624"
                    VPOS="2066"
                    WIDTH="149"
                    HEIGHT="77"></String>
          </TextLine>

          
          
          <TextLine ID="eSc_line_27f222d6"
                    TAGREFS="LT7793"
                    BASELINE="1756 2184 2632 2166" 
                    HPOS="1753"
                    VPOS="2122"
                    WIDTH="879"
                    HEIGHT="111">
            <Shape><Polygon POINTS="1756 2184 1756 2233 2193 2210 2307 2216 2480 2222 2483 2222 2629 2201 2632 2166 2624 2122 1753 2131 1756 2184"/></Shape>
	    <String CONTENT="e .xxxu. Comment le Conte"
                    HPOS="1753"
                    VPOS="2122"
                    WIDTH="879"
                    HEIGHT="111"></String>
          </TextLine>

          
          
          <TextLine ID="eSc_line_a115eddd"
                    TAGREFS="LT6549"
                    BASELINE="1621 2251 2615 2239" 
                    HPOS="1618"
                    VPOS="2195"
                    WIDTH="997"
                    HEIGHT="103">
            <Shape><Polygon POINTS="1621 2251 1621 2289 1806 2298 1808 2298 1811 2298 1858 2286 1876 2280 1882 2286 1891 2292 1891 2295 1894 2295 1896 2295 1899 2298 2040 2298 2040 2295 2108 2280 2128 2277 2146 2280 2225 2292 2228 2292 2231 2292 2278 2277 2281 2277 2360 2292 2363 2292 2366 2292 2368 2292 2389 2274 2392 2274 2398 2274 2515 2289 2518 2289 2615 2269 2615 2239 2606 2195 1618 2213 1621 2251"/></Shape>
	    <String CONTENT="de norenthon principal Capitaine"
                    HPOS="1618"
                    VPOS="2195"
                    WIDTH="997"
                    HEIGHT="103"></String>
          </TextLine>

          
          
          <TextLine ID="eSc_line_be961690"
                    TAGREFS="LT6549"
                    BASELINE="1615 2316 2603 2310" 
                    HPOS="1612"
                    VPOS="2269"
                    WIDTH="991"
                    HEIGHT="93">
            <Shape><Polygon POINTS="1615 2316 1615 2362 2292 2362 2292 2359 2295 2359 2333 2345 2339 2345 2354 2345 2474 2359 2477 2359 2603 2339 2603 2310 2594 2269 1612 2272 1615 2316"/></Shape>
	    <String CONTENT="des anglois en bretaingne uint a"
                    HPOS="1612"
                    VPOS="2269"
                    WIDTH="991"
                    HEIGHT="93"></String>
          </TextLine>

          
          
          <TextLine ID="eSc_line_ec9b113d"
                    TAGREFS="LT6549"
                    BASELINE="1621 2386 2650 2374" 
                    HPOS="1618"
                    VPOS="2324"
                    WIDTH="1032"
                    HEIGHT="106">
            <Shape><Polygon POINTS="1621 2386 1621 2430 2647 2406 2650 2374 2641 2324 1618 2345 1621 2386"/></Shape>
	    <String CONTENT="grant force de gens darmes danglet̾re"
                    HPOS="1618"
                    VPOS="2324"
                    WIDTH="1032"
                    HEIGHT="106"></String>
          </TextLine>

          
          
          <TextLine ID="eSc_line_dc1ffaea"
                    TAGREFS="LT6549"
                    BASELINE="1621 2456 2662 2436" 
                    HPOS="1618"
                    VPOS="2386"
                    WIDTH="1044"
                    HEIGHT="111">
            <Shape><Polygon POINTS="1621 2456 1621 2483 1759 2497 1762 2497 1917 2494 1920 2494 1923 2494 1937 2483 1943 2480 2662 2480 2662 2436 2653 2386 1618 2415 1621 2456"/></Shape>
	    <String CONTENT="et prist la roche derian en leueschie de"
                    HPOS="1618"
                    VPOS="2386"
                    WIDTH="1044"
                    HEIGHT="111"></String>
          </TextLine>

          
          
          <TextLine ID="eSc_line_218c08f5"
                    TAGREFS="LT7793"
                    BASELINE="1627 2515 2266 2509" 
                    HPOS="1624"
                    VPOS="2462"
                    WIDTH="642"
                    HEIGHT="109">
            <Shape><Polygon POINTS="1627 2515 1627 2571 2263 2556 2266 2509 2257 2462 1624 2477 1627 2515"/></Shape>
	    <String CONTENT="trignier en bretaigne."
                    HPOS="1624"
                    VPOS="2462"
                    WIDTH="642"
                    HEIGHT="109"></String>
          </TextLine>

          
          
          <TextLine ID="eSc_line_56f9f3f0"
                    TAGREFS="LT7793"
                    BASELINE="1767 2594 2653 2579" 
                    HPOS="1765"
                    VPOS="2524"
                    WIDTH="888"
                    HEIGHT="111">
            <Shape><Polygon POINTS="1767 2594 1767 2620 2102 2635 2105 2635 2108 2635 2110 2635 2110 2632 2113 2632 2125 2615 2201 2615 2295 2632 2298 2632 2518 2626 2521 2626 2565 2609 2624 2626 2626 2626 2629 2626 2632 2626 2635 2626 2635 2623 2653 2603 2653 2579 2647 2538 2580 2524 2577 2524 2480 2538 2468 2538 2456 2538 2342 2527 2339 2527 1765 2541 1767 2594"/></Shape>
	    <String CONTENT="e .xxxui. Comment lãnnon fu"
                    HPOS="1765"
                    VPOS="2524"
                    WIDTH="888"
                    HEIGHT="111"></String>
          </TextLine>

          
          
          <TextLine ID="eSc_line_84cd0932"
                    TAGREFS="LT6549"
                    BASELINE="1627 2664 2632 2650" 
                    HPOS="1624"
                    VPOS="2588"
                    WIDTH="1008"
                    HEIGHT="114">
            <Shape><Polygon POINTS="1627 2664 1627 2691 2025 2702 2028 2702 2632 2676 2632 2650 2629 2609 2571 2588 2568 2588 2565 2588 2412 2606 2383 2612 2272 2612 2269 2606 2254 2594 2254 2591 2251 2591 2248 2591 2245 2591 2242 2591 2190 2606 2160 2612 1624 2603 1627 2664"/></Shape>
	    <String CONTENT="tray et rendu aus anglois de la roche"
                    HPOS="1624"
                    VPOS="2588"
                    WIDTH="1008"
                    HEIGHT="114"></String>
          </TextLine>

          
          
          <TextLine ID="eSc_line_11f57cb3"
                    TAGREFS="LT6549"
                    BASELINE="1597 2726 2626 2714" 
                    HPOS="1594"
                    VPOS="2673"
                    WIDTH="1032"
                    HEIGHT="85">
            <Shape><Polygon POINTS="1597 2726 1597 2758 2624 2744 2626 2714 2618 2673 1594 2679 1597 2726"/></Shape>
	    <String CONTENT="derian par deux traistres escuiers du"
                    HPOS="1594"
                    VPOS="2673"
                    WIDTH="1032"
                    HEIGHT="85"></String>
          </TextLine>

          
          
          <TextLine ID="eSc_line_1e2c30cf"
                    TAGREFS="LT7793"
                    BASELINE="1612 2793 2424 2785" 
                    HPOS="1609"
                    VPOS="2735"
                    WIDTH="815"
                    HEIGHT="105">
            <Shape><Polygon POINTS="1612 2793 1612 2820 1741 2820 1744 2820 1785 2840 1788 2840 1791 2840 1911 2837 1914 2837 1917 2837 1935 2823 1943 2817 1952 2823 1979 2837 1981 2837 1984 2837 2093 2826 2169 2817 2196 2826 2216 2834 2219 2834 2222 2834 2424 2829 2424 2785 2415 2735 1609 2752 1612 2793"/></Shape>
	    <String CONTENT="pays dont ce fu grant douleur."
                    HPOS="1609"
                    VPOS="2735"
                    WIDTH="815"
                    HEIGHT="105"></String>
          </TextLine>

          
          
          <TextLine ID="eSc_line_8f1bc986"
                    TAGREFS="LT7793"
                    BASELINE="1753 2864 2653 2852" 
                    HPOS="1750"
                    VPOS="2802"
                    WIDTH="903"
                    HEIGHT="112">
            <Shape><Polygon POINTS="1753 2864 1753 2914 2653 2890 2653 2852 2644 2802 1750 2808 1753 2864"/></Shape>
	    <String CONTENT="e .xxxuii. Comment le Roy dã"
                    HPOS="1750"
                    VPOS="2802"
                    WIDTH="903"
                    HEIGHT="112"></String>
          </TextLine>

          
          
          <TextLine ID="eSc_line_f5d046b7"
                    TAGREFS="LT6549"
                    BASELINE="1612 2934 2632 2925" 
                    HPOS="1609"
                    VPOS="2884"
                    WIDTH="1023"
                    HEIGHT="97">
            <Shape><Polygon POINTS="1612 2934 1612 2981 1738 2963 1803 2978 1811 2978 1814 2978 1832 2978 1952 2960 2137 2969 2286 2975 2289 2975 2292 2975 2336 2963 2360 2958 2371 2963 2395 2972 2398 2972 2401 2972 2629 2955 2632 2925 2624 2884 1609 2890 1612 2934"/></Shape>
	    <String CONTENT="gleterre uint en normandie et prist"
                    HPOS="1609"
                    VPOS="2884"
                    WIDTH="1023"
                    HEIGHT="97"></String>
          </TextLine>

          
          
          <TextLine ID="eSc_line_f5c869a9"
                    TAGREFS="LT6549"
                    BASELINE="1609 3004 2644 2990" 
                    HPOS="1606"
                    VPOS="2949"
                    WIDTH="1038"
                    HEIGHT="94">
            <Shape><Polygon POINTS="1609 3004 1609 3040 1888 3028 1940 3034 2017 3043 2020 3043 2090 3031 2119 3025 2128 3028 2143 3040 2146 3040 2149 3040 2152 3040 2363 3037 2366 3037 2412 3022 2418 3022 2433 3022 2562 3034 2565 3034 2641 3016 2644 2990 2635 2949 1606 2955 1609 3004"/></Shape>
	    <String CONTENT="Caan. et uint par lisieux par torigny"
                    HPOS="1606"
                    VPOS="2949"
                    WIDTH="1038"
                    HEIGHT="94"></String>
          </TextLine>

          
          
          <TextLine ID="eSc_line_c06af3b5"
                    TAGREFS="LT6549"
                    BASELINE="1612 3072 2647 3054" 
                    HPOS="1609"
                    VPOS="3010"
                    WIDTH="1038"
                    HEIGHT="88">
            <Shape><Polygon POINTS="1612 3072 1612 3098 2574 3095 2647 3078 2647 3054 2638 3010 1609 3031 1612 3072"/></Shape>
	    <String CONTENT="a uernon et a poissy. Et comment le"
                    HPOS="1609"
                    VPOS="3010"
                    WIDTH="1038"
                    HEIGHT="88"></String>
          </TextLine>

          
          
          <TextLine ID="eSc_line_6296835e"
                    TAGREFS="LT6549"
                    BASELINE="1615 3139 2638 3131" 
                    HPOS="1612"
                    VPOS="3075"
                    WIDTH="1026"
                    HEIGHT="102">
            <Shape><Polygon POINTS="1615 3139 1615 3174 2632 3177 2638 3131 2632 3087 1987 3075 1984 3075 1981 3075 1946 3089 1715 3078 1712 3078 1612 3092 1615 3139"/></Shape>
	    <String CONTENT="Roy de france le poursiuoit tousiours"
                    HPOS="1612"
                    VPOS="3075"
                    WIDTH="1026"
                    HEIGHT="102"></String>
          </TextLine>

          
          
          <TextLine ID="eSc_line_74c27938"
                    TAGREFS="LT6549"
                    BASELINE="1612 3207 2638 3201" 
                    HPOS="1609"
                    VPOS="3160"
                    WIDTH="1029"
                    HEIGHT="94">
            <Shape><Polygon POINTS="1612 3207 1612 3239 1882 3254 1885 3254 1984 3245 2052 3239 2084 3245 2116 3254 2119 3254 2122 3254 2125 3254 2152 3248 2190 3236 2380 3236 2412 3251 2415 3251 2418 3251 2421 3254 2635 3254 2638 3201 2629 3160 1609 3163 1612 3207"/></Shape>
	    <String CONTENT="de lautre part de la riuiere de saine. et"
                    HPOS="1609"
                    VPOS="3160"
                    WIDTH="1029"
                    HEIGHT="94"></String>
          </TextLine>

          
          
          <TextLine ID="eSc_line_b5a2dee4"
                    TAGREFS="LT6549"
                    BASELINE="1609 3277 2618 3262" 
                    HPOS="1606"
                    VPOS="3221"
                    WIDTH="1012"
                    HEIGHT="94">
            <Shape><Polygon POINTS="1609 3277 1609 3315 2615 3309 2618 3262 2609 3221 1606 3221 1609 3277"/></Shape>
	    <String CONTENT="uint a paris logier a saint germain"
                    HPOS="1606"
                    VPOS="3221"
                    WIDTH="1012"
                    HEIGHT="94"></String>
          </TextLine>

          
          
          <TextLine ID="eSc_line_ce9cc54b"
                    TAGREFS="LT6549"
                    BASELINE="1606 3342 2665 3330" 
                    HPOS="1603"
                    VPOS="3271"
                    WIDTH="1062"
                    HEIGHT="109">
            <Shape><Polygon POINTS="1606 3342 1606 3377 2175 3365 2219 3377 2225 3380 2228 3380 2231 3380 2245 3377 2316 3365 2383 3377 2395 3380 2398 3380 2401 3380 2407 3377 2448 3362 2659 3377 2665 3330 2653 3271 2580 3292 1603 3292 1606 3342"/></Shape>
	    <String CONTENT="des prez. Et cõment les auglois passerẽt"
                    HPOS="1603"
                    VPOS="3271"
                    WIDTH="1062"
                    HEIGHT="109"></String>
          </TextLine>

          
          
          <TextLine ID="eSc_line_1657a714"
                    TAGREFS="LT7793"
                    BASELINE="1627 3406 2048 3398" 
                    HPOS="1619"
                    VPOS="3362"
                    WIDTH="430"
                    HEIGHT="77">
            <Shape><Polygon POINTS="1623 3438 2041 3439 2045 3394 2049 3366 1619 3362 1623 3403"/></Shape>
	    <String CONTENT="le pont de poissy."
                    HPOS="1619"
                    VPOS="3362"
                    WIDTH="430"
                    HEIGHT="77"></String>
          </TextLine>

          
          
          <TextLine ID="eSc_line_379d36cb"
                    TAGREFS="LT7793"
                    BASELINE="1766 3470 2574 3465" 
                    HPOS="1759"
                    VPOS="3412"
                    WIDTH="814"
                    HEIGHT="92">
            <Shape><Polygon POINTS="1764 3504 2569 3496 2573 3460 2560 3412 1759 3432 1764 3469"/></Shape>
	    <String CONTENT="e .xxxuiii. Comment le Roy"
                    HPOS="1759"
                    VPOS="3412"
                    WIDTH="814"
                    HEIGHT="92"></String>
          </TextLine>

          
          
          <TextLine ID="eSc_line_534850a6"
                    TAGREFS="LT6549"
                    BASELINE="1618 3541 2626 3529" 
                    HPOS="1615"
                    VPOS="3471"
                    WIDTH="1011"
                    HEIGHT="102">
            <Shape><Polygon POINTS="1618 3541 1618 3570 2624 3573 2626 3529 2618 3471 2539 3488 1615 3488 1618 3541"/></Shape>
	    <String CONTENT="dangleterre se parti de poissy et mist"
                    HPOS="1615"
                    VPOS="3471"
                    WIDTH="1011"
                    HEIGHT="102"></String>
          </TextLine>

          
          
          <TextLine ID="eSc_line_44be2e6d"
                    TAGREFS="LT6549"
                    BASELINE="1609 3605 2624 3600" 
                    HPOS="1606"
                    VPOS="3559"
                    WIDTH="1018"
                    HEIGHT="87">
            <Shape><Polygon POINTS="1609 3605 1609 3646 1706 3632 2618 3641 2624 3600 2618 3559 1606 3559 1609 3605"/></Shape>
	    <String CONTENT="le fen en tous les mauoirs Royaux"
                    HPOS="1606"
                    VPOS="3559"
                    WIDTH="1018"
                    HEIGHT="87"></String>
          </TextLine>

          
          
          <TextLine ID="eSc_line_dc9cc0c1"
                    TAGREFS="LT6549"
                    BASELINE="1612 3673 2615 3658" 
                    HPOS="1609"
                    VPOS="3620"
                    WIDTH="1006"
                    HEIGHT="97">
            <Shape><Polygon POINTS="1612 3673 1612 3705 1894 3702 1923 3708 1967 3717 1970 3717 2031 3708 2090 3699 2119 3708 2140 3714 2143 3714 2146 3714 2149 3714 2152 3714 2152 3711 2157 3708 2166 3696 2281 3696 2368 3708 2392 3711 2395 3711 2398 3711 2401 3711 2401 3708 2424 3693 2609 3708 2615 3658 2606 3620 1609 3626 1612 3673"/></Shape>
	    <String CONTENT="et sen fuy uers picardie. Et cõment"
                    HPOS="1609"
                    VPOS="3620"
                    WIDTH="1006"
                    HEIGHT="97"></String>
          </TextLine>

          
          
          <TextLine ID="eSc_line_0fc01996"
                    TAGREFS="LT6549"
                    BASELINE="1606 3737 2641 3729" 
                    HPOS="1603"
                    VPOS="3685"
                    WIDTH="1038"
                    HEIGHT="90">
            <Shape><Polygon POINTS="1606 3737 1606 3773 2635 3775 2641 3729 2635 3688 1603 3685 1606 3737"/></Shape>
	    <String CONTENT="le Roy de france sen retourna de autoi"
                    HPOS="1603"
                    VPOS="3685"
                    WIDTH="1038"
                    HEIGHT="90"></String>
          </TextLine>

          
          
          <TextLine ID="eSc_line_fb7be578"
                    TAGREFS="LT6549"
                    BASELINE="1612 3805 2632 3799" 
                    HPOS="1609"
                    VPOS="3758"
                    WIDTH="1023"
                    HEIGHT="91">
            <Shape><Polygon POINTS="1612 3805 1612 3849 2629 3837 2632 3799 2624 3758 1609 3761 1612 3805"/></Shape>
	    <String CONTENT="gny et passa par paris disant a grans"
                    HPOS="1609"
                    VPOS="3758"
                    WIDTH="1023"
                    HEIGHT="91"></String>
          </TextLine>

          
          
          <TextLine ID="eSc_line_8632da1e"
                    TAGREFS="LT6549"
                    BASELINE="1612 3872 2635 3861" 
                    HPOS="1609"
                    VPOS="3819"
                    WIDTH="1026"
                    HEIGHT="94">
            <Shape><Polygon POINTS="1612 3872 1612 3913 2635 3896 2635 3861 2626 3819 1609 3828 1612 3872"/></Shape>
	    <String CONTENT="souspirs quil estoit trahi. Et cõment"
                    HPOS="1609"
                    VPOS="3819"
                    WIDTH="1026"
                    HEIGHT="94"></String>
          </TextLine>

          
          
          <TextLine ID="eSc_line_47ae67c4"
                    TAGREFS="LT6549"
                    BASELINE="1618 3937 2603 3928" 
                    HPOS="1615"
                    VPOS="3893"
                    WIDTH="988"
                    HEIGHT="91">
            <Shape><Polygon POINTS="1618 3937 1618 3966 1943 3984 1946 3984 2037 3966 2058 3981 2061 3981 2064 3981 2067 3984 2266 3984 2266 3981 2269 3981 2272 3981 2292 3960 2600 3957 2603 3928 2594 3893 1615 3896 1618 3937"/></Shape>
	    <String CONTENT="il poursiui tousiours son ennemi."
                    HPOS="1615"
                    VPOS="3893"
                    WIDTH="988"
                    HEIGHT="91"></String>
          </TextLine>

          
          
          <TextLine ID="eSc_line_2b433eae"
                    TAGREFS="LT7793"
                    BASELINE="1750 4013 2603 4001" 
                    HPOS="1739"
                    VPOS="3943"
                    WIDTH="864"
                    HEIGHT="110">
            <Shape><Polygon POINTS="1739 4053 2600 4044 2603 4001 2600 3960 2541 3943 2539 3943 2536 3943 2286 3957 2163 3963 1747 3954 1750 4013"/></Shape>
	    <String CONTENT="e .xxxixͤ. chapitre parle de la"
                    HPOS="1739"
                    VPOS="3943"
                    WIDTH="864"
                    HEIGHT="110"></String>
          </TextLine>

          
        </TextBlock>
        

        
      </PrintSpace>
    </Page>
  </Layout>
</alto>
