3370 5276
360 648 1015 93 a tendre pour ce que quant les batailles

366 712 997 96 le roy sesforceroient de monter le fosse q̃ il

366 785 1000 91 les feroient leg̾ement reuser ⁊ les cõroiz

366 852 1000 94 ordenez desrompre et pier. et ap̾s leg̾em̃t

363 920 989 97 branler ⁊ resortir. si leur en auint auq̃s

366 990 1009 97 aĩsi ꝯme il auoient diuisie. car a la p̾mie

363 1061 1000 90 re assamblee que les chłrs le roy les orẽt

366 1125 983 100 getiez du fosse par m̾ueilleuse hardiesce

366 1195 997 97 dont il en y ot assez de blesciez ⁊ doccis si les

369 1257 986 100 ꝯm̃cierẽt a suiure ꝯfusem̃t ⁊ sanz ꝯroi et

369 1324 968 91 ca ⁊ la et trop laidem̃t a laidir ⁊ a deme

366 1395 980 96 ner. Lors auant que raoul de baugenci

366 1462 983 97 m̾ueilleux chłr et sage ot repont en une

366 1530 980 105 ꝑtie du chastel la plus grant ꝑtie de le᷑

363 1597 1000 97 ost q̃ les royaux ne porent aꝑceuoir p᷑ une

360 1664 1000 97 haute eglise et pour loscurte des maisons

360 1738 995 99 on il sestoient catiz. et quant il uie sa gent

363 1805 992 97 fuir et issir ꝑmi la porte du chastel toꝰ des

363 1870 1000 99 cõfiz si escria senseigne baugenci baugenci

369 1952 980 82 .ii. moz młt haut et se mist droitem̃t en sõ

360 2013 986 91 agait tout fres coutre les chłrs le roy et

360 2081 1006 90 leur courut sus młt efforciem̃t et les roy

360 2151 986 88 aux qui les descõfiz chacoient tout apie

360 2210 992 99 chargiez darmeures ne porent pas de legr̾

363 2283 1012 97 souffrir les couroiz ordenez de leurs anemis

363 2356 992 94 qͥ leur uenoient touz frez ainz torn̾ent les

360 2424 971 99 dos tres ꝑmi le fosse ⁊ le roy apres tout

360 2497 997 94 a pie. mais auant orent feruz maĩs gnͣs

363 2561 1003 100 cops sur leurs anemis. si aꝑcurẽt bñ mes

360 2626 992 99 ce fu atart combñ uaut lieux sens ⁊ po᷑

360 2702 1000 100 uoiance q̃ fole hardiesce. Car se il les eus

357 2769 992 88 sẽt atẽduz en champ ordene il les eussent

357 2846 1012 88 sousmis a leur uolente. Et si cõme il sẽ fu

357 2916 1003 97 oient aĩsi ꝯfusem̃t si furent touz esbahiz ꝯ

360 2983 997 94 me ceulz qui ne pooient auoir leurs destr̾s

360 3054 995 85 ne ne sauoient quil deussent faire. Mais

357 3112 1003 91 le roy souz qui tout laffaire pendoit recou

357 3183 992 93 ura p̾mier et fu monte sur .i. destrier non

357 3253 998 88 mie sur le sien ꝓpre mais sur .i. autre que

354 3318 998 96 on li ot amene. lors ꝯmẽta fierem̃t a don

357 3385 1003 88 ner estal a ceulz qui le chacoient. et rapel

357 3449 1015 94 loit ses chłrs qui sen finoient. et semõnoit

360 3514 1006 97 chascun ꝑ son non. ceulz meismem̃t q̃ il sẽ

360 3590 1006 91 toit a plus hardiz et leur crioit q̃ il retour

366 3660 989 91 nassẽt a la bataille. et il qui estoit entre

366 3731 977 82 les couroiz de ses anemis le branc tout

360 3789 1006 94 nu ou poing dont il feri le iour tãt ruite

363 3863 1021 82 cop ⁊ tant pesant aidoit et secouroit de tou

360 3931 990 86 te sa u̾tu. a ceulz que il pooit. Et ceulz qͥ

360 3997 1021 95 fuioient se penoit de retourner ⁊ de recourer

1551 644 991 94 sur leurs anemis et plus que il naꝑte

1551 712 994 96 noit a hauteste de roy se combatoit tout *

1551 779 1006 97 seul contre touz ses anemis ꝯme chłr esme

1551 850 997 96 rez ⁊ esleuz et nõ mie cõme roy doit faire a

1548 908 1021 109 uironne de grans routes de chłrs. mais toꝰ

1548 981 1000 100 seulz sanz aide de nulli fors de dieu tãt cõe

1551 1058 1006 88 cheual li pooit rendre se plungoit es gnͣz

1548 1122 980 91 flotes de ses anemis. ne de ce ne doubte

1551 1187 988 93 nulz que il ne fust ainsi. car ses genz es

1551 1257 988 91 toient si tournez a desconfiture que nul

1551 1324 1003 91 ni p̾noit garde de soy. et si cõme il estoit

1554 1395 994 82 en telle angoisse et en tel paine de sõ ost

1545 1456 997 97 faire retorner dont il ne pooit a chief ue

1548 1530 1000 90 nir ꝯme celi qui seul estoit et sanz aide.

1545 1600 1003 91 si li recrust son destrier souz lui. Mais

1545 1664 986 97 a ce besoing li uint son escuier qui li a

1548 1732 989 85 mena le sien ꝓpre. et il sailli sus isnele

1553 1808 989 82 m̃t aussi cõme se il fust tout fres ⁊ retour

1545 1875 1006 82 na a pou degent qui li furent gauchi et

1548 1943 1015 91 sadresca u̾s ses anemis senseigne deuant

1548 2010 1021 85 li que .i. chłr portoit. lors se ferirent entre

1548 2072 1009 99 eulz tout fussent il pou de gent et ꝑ m̾ueil

1548 2145 1000 88 leuse proesce reconurerent młt des leur

1548 2210 997 96 q̃ ceulz dela en menoient pris ⁊ tout ꝑ le

1545 2277 1003 103 ꝯfort le roy et par sa m̾ueilleuse proeste

1545 2341 1015 100 et si arrest̾ent ⁊ pristrent des plus cointes

1545 2418 1006 96 de ceulz dela. et firent leurs anemis resor

1542 2476 1006 100 tir qui ne porent mie ne noserent auãt a

1542 2550 1021 99 ler aussi ꝯme se il eussent trouuees les bõ

1545 2617 1012 106 nes artus ou la grant mer qui leur fust

1542 2693 1018 100 au deuãt uenue. tout ainsi furẽt il resor

1542 2766 1003 103 tiz ꝑ la uenue le roy ⁊ pour sa fiere u̾tu.

1545 2840 1027 96 Et aincois quil fussent retournez au pui

1542 2907 1024 97 sat leur furent uenuz au secours .uͨ. chłrs

1542 2975 1027 96 ou plus de norm̃die. et se il fussẽt plꝰtost

1542 3045 1012 94 uenuz bñ peust estre quil eussent fait plꝰ

1542 3104 1024 93 gnͣt domage a lost de france. En tel man̾e

1542 3171 1012 103 fu lost le roy desconfit a celle iounee dõt

1542 3235 1021 100 lime ꝑtie sen fui aorliens et lantre a estã

1542 3312 989 99 pes ⁊ lautre a peuiers. et le roy qui młt

1542 3373 1021 103 ot este las et debatuz a celle iournee sẽ uĩt

1542 3452 1024 88 a thoiri a tant pou de gent cõme il li fu de

1542 3520 1021 94 moure. si ne fu de noient esperdu ne esmoi

1545 3587 1012 94 e de sa ꝑte ains en fu plus fiers a la gui

1545 3655 1000 90 se du tor qui sest combatu a qui sa fierte

1542 3728 1000 88 double quant il a este defoule et gitie du

1539 3781 1030 102 fouc des uasches par les autres tors. aus

1542 3854 1003 97 si reprist il force et uigueur en soy meis

1545 3927 1012 94 mes. et młt desiroit de courre sus ses ane

1545 4000 992 90 mis aus fers trenchans des lãces tout
