3294 5322
830 600 1044 109 alerent pluseurs les uns armez les au

830 680 1041 97 tres desarmez pour deffendre le dit pout

830 759 1023 101 et ia auoit pluseurs des dessus diz de

830 836 1044 92 paris oultre la moitie du dit pont. Et

827 889 1068 113 la se combatirent les gens du dit regẽt

833 975 1053 86 et rebouterent leurs ennemis qui es

833 1040 1012 86 toient sur le dit pont et y ala le dit

836 1108 1050 92 regent en sa personne. Si y furẽt pluẜ

833 1176 1056 86 des gens du dit regent naurez de trait

836 1247 1062 86 Et si y fu pris son mareschal que len ap

839 1315 1029 95 pelloit monẜ Rigant de fontaines. Et

833 1383 1023 89 aussi y ot il des autres naurez et pris

833 1448 1038 95 Toutesuoies furent ilz reculez et mis

836 1519 1050 89 tous hors dessur le dit pout par les genz

833 1581 1032 104 du dit regent et sen retour nerẽt uers

836 1646 1077 104 paris. Et pour ce que len crioit alarme

839 1723 1062 80 uers paris ou coste uers Saint anthoine

839 1791 1041 86 et disoit len que ceuls de paris estoient

839 1859 1014 92 issuz de celle part les genz darmes se

836 1915 1068 104 trairent uers la et furent les batailles

839 1995 1068 92 rengiees sur les champs et y ot des es

839 2060 1097 104 car muches toute iour iusques ala nuit

845 2134 1068 92 Et y perdirent ceuls de Paris plus que

845 2199 1071 98 ilz ne gaaignerent. Toutesuoies touz

842 2276 1044 83 ceuls qui issirent de paris tant dune

848 2344 1053 98 part de Paris cõme dautre estoient le

848 2409 1044 101 plus anglois. Et durant ces choses

848 2471 1044 95 la Royne Iehanne ala deuers le dit re

851 2542 1041 104 gent pour renouer le dit traictie. Et

848 2616 1068 101 quant elle sen parti pour aler a saint

839 2690 1088 109 denys encores estoient les batailles sur

845 2767 1076 100 les champs. Si traicterent toute cele

848 2838 1076 97 semaine iusques au Ieudy ensiuant

851 2900 1050 103 xix.ͤ iour du dit mois de Iuillet. Et

851 2971 1050 103 celui iour la dicte Royne Iehanne le

854 3045 1041 109 Roy de nauarre. larceuesque de lyon

857 3107 1064 100 qui la auoit este enuoie depar le ppͣe.

854 3190 1035 88 leuesque de paris. Le prieur de saint

851 3255 1038 91 Martin des champs. Iehan Belot

857 3317 1047 109 escheuin de paris. Colin le flament

857 3385 1032 106 et autres de paris alerent enuiron

857 3456 1044 97 tierce au bout du dit pont que le dit

860 3533 1059 97 Regent auoit fait faire de la partie de

863 3598 1067 97 uers uitery. et auoient des genz dar

866 3669 1058 103 mes et des archiers auecques euls. et

863 3731 1067 109 le dit Regent y ala apetite compaignie

863 3802 1061 103 tous desarmez. et parlementerent en

860 3870 1076 103 semble en lun des bateaux du dit pont.

872 3941 1032 106 Et finablement furent aacort par

866 4003 1088 130 tele maniere que ceuls de paris prieroiẽt

2066 611 964 113 le dit Regent que il leur uousist remectre

2066 685 941 131 son mautalent et pardonner tout ce q̃ ilz

2069 753 929 134 auoient fait. et ilz se mectroient en sa

2069 833 941 122 mercy par tele condicion que il en orde

2078 887 923 133 neroit par le conseil de la Royne Ieħne

2069 957 923 125 du Roy de nauarre. du duc dorliens ⁊

2069 1034 932 122 du Conte destampes concordablement

2072 1105 926 119 et non autrement. Et auecques ce

2069 1173 920 113 demourroient en leur uertu tous ac

2075 1238 923 119 cors. toutes conuenances et toutes a

2075 1300 914 116 liances que ceuls de Paris auoient

2075 1374 920 116 auecques le dit Roy de nauarre. aueq̃s

2072 1451 926 107 bonnes uilles. et auecques touz autres

2081 1522 911 104 Et le dit regent deuoit faire ouurir

2078 1587 911 104 tous passaiges de Riuieres et autres

2081 1652 914 107 a fin que toutes denrees ⁊ marchãdises

2084 1714 929 101 penssent estre portees et menees a paris.

2093 1785 902 107 Et pour par faire les choses contenues

2087 1856 899 104 ou dit traictie . fu iournee prise au

2087 1927 917 95 Mardy ensuyuant pour estre a laigny

2087 1998 914 92 sur Marne. Et la deuoient estre le dit

2087 2069 923 95 Regent et son conseil dune part ⁊ ceulz

2090 2137 923 86 qui seroient ordenez pour paris dautre

2090 2202 887 98 part. Et les diz . Royne. Roy . Duc

2087 2270 929 98 dorliens et Conte destampes par le Con

2093 2347 914 80 seil des quiex le dit regent en deuoit

2087 2412 902 89 ordener. Et ce fait fu publie en lost

2090 2480 920 86 que il auoit bonne paix entre le dit Re

2090 2548 926 86 gent et ceulz de paris. Et pour ce se des

2087 2610 929 95 logierent les gens du dit Regent et sen

2090 2681 923 98 partirent pluseurs celui iour et le lan

2090 2758 920 98 demain iour de uenredy .xx ͤ. iour du dit

2090 2826 902 92 mois pluseurs alerent uers Paris qͥ

2093 2900 917 83 y uouldrent entrer pour les besoignes

2093 2962 920 112 que ilz y auoient a faire.les quelx len

2099 3033 896 101 ny uoust laissier entrer. Mais leur

2093 3101 908 104 demandoit len a cui ilz estoient. Et

2099 3166 911 109 quant ilz respondoient que ilz estoient

2102 3234 896 104 au Duc. ceuls de paris leur disoient.a

2105 3299 902 112 lez a uostre duc. Et y entra Mathe guet

2105 3367 905 112 te lors tresorier de france qui fu en gnͣt

2108 3444 896 106 peril destre tuez. et finablement en fu

2108 3500 908 113 mis hors apres ce que il ot este menez

2108 3574 930 107 en la maison de la uille. et a Saint eloy

2105 3627 905 127 deuant le Preuost des marchanz ⁊ les

2108 3701 899 127 gouuerneurs. Et auecques ce depuis

2108 3766 908 113 que le dit accort fu fait par la manie

2111 3831 918 130 re que dessus est dit. les dessus diz de par̃

2108 3905 895 113 en hayne du dit regent .pristrent et

2108 3972 912 114 saisirent pluseurs maisons et biens
