3356 5352
836 750 1059 91 Et sur le uisage de la dicte Royne auoit un

841 817 1104 95 cueurechief si delie que tout plainement on

850 892 1107 86 ueoit le uisaige parmy et auoit en sa main

847 960 1101 92 destre un petit baston dor ouure par dessus en

847 1031 1110 89 la facon dune rose et en lautre main auoit

847 1097 1086 83 un ceptre. et estoient en la compaignie touz

847 1150 1110 95 les colleges et les ordres de paris mendians

847 1230 1113 102 et autres et toutes les gens notables qui es

853 1290 1095 101 toient lors a paris prelas et autres et .iiiiͨ.

853 1367 1083 92 torches deuant chascune de .ui. liures. Et

853 1421 1110 101 apres le corps aloient a pie le duc de bourbõ

853 1501 1107 89 frere de la ditte royne et pluseurs autres du

853 1563 1125 98 lignage du roy tous uestus de uoir Cõment

865 1650 1121 90 le corps de la royne fu porte a nostre dame de par̃.

1226 2942 746 90 insi fu portee iusques en leglise

1219 3018 804 85 nostre dame de paris et la fu uns

1219 3074 765 110 le corps ou cuer dicelle eglise

1222 3154 774 98 dessonbz une młt notable cha

1225 3208 783 110 pelle de bois couuerte de ciergeᷤ

904 3282 1092 104 Et autour de la nef de la dite eglise auoit

904 3356 1104 96 autres .iiii ͨ. torches du pois dicelles qui a

910 3419 1089 95 uoient este portees a conuoier le corps. Et

907 3496 1089 77 enuiron le corps auoit tousiours tant a

918 3561 1117 86 porter le corps cõme en leglise .xiii. grosses

910 3626 1125 93 torches que portoient .xiii. uarlez de cham

913 3683 1124 102 bre du roy. et tantost furent uespres ⁊ uigilł

907 3765 1122 91 de mors ꝯmencees. et fist le seruise en la dc̃te

913 3835 1092 92 eglise de paris leuesque de paris et tous les

916 3895 1083 98 autres prelas tant arceuesques cõme e

932 3976 1111 95 uesques et albez furent reuestuz auecques

919 4044 1124 99 leurs mictres et leurs crosses, et estoient .xu.

927 4128 1125 82 prelaz dont les euesques de laon et de beauues

2106 768 973 97 tenoient cuer. Et furent toutes les lecons

2112 824 970 109 et uigilles dictes par prelas. et la estoit pre

2115 889 961 98 sent monẜ phelippe dalencon patriarche de

2115 960 967 98 iherusalem et arceuesque daux le q̃l nestoit

2110 1031 964 101 pas reuestu en habit pontifical. mais estoit

2115 1097 982 96 en chappe romaine auec les autres seigneurᷤ

2112 1162 973 104 du lignage du Roy. et furent tant a ꝯuoier

2115 1242 964 93 le corps ꝯme auigilles la royne blanche la

2115 1299 955 80 contesse dartois et la duchesss dorliens et

2119 1378 954 84 aussi la niepce du Roy fille du duc de berry

2124 1433 952 98 et fẽme de ame de sauoie filz du conte de Sa

2121 1504 967 89 uoie et pluẜs autres dames ⁊ damoiseles tãt

2121 1575 971 87 de lostel de la dicte royne trespassee ꝯme autres.

2485 2939 603 80 E lundy ensuyuant .xuͤ iour

2490 2994 592 98 du dit mois enuiron prime

2493 3074 577 98 fu młt solempnelment la

2487 3139 592 95 messe dicte en leglise de paris

2496 3208 583 104 par le dit euesque de paris pre

2177 3285 890 80 sens ceulz qui auoient este a uigilles. Et

2182 3355 896 88 tantost que la messe fu dicte le corps fu le

2186 3416 900 98 ue et mis a chemin pour porter a .S̾. denis

2192 3480 900 93 par la maniere quil auoit este aporte en la

2185 3546 876 93 dicte eglise de paris acompaignie de ceuls

2182 3603 906 103 qui y auoient este le dymencle et y auoit

2201 3668 916 120 iiii.ͨ torches nouuelles car les autres .iiiiͨ.

2201 3732 904 118 qui auoient este portees a nostre dame y de

2198 3805 895 101 mourerent et tout lautre luminaire. et

2207 3873 882 99 aussi y ot .xiii. grosses torches nouuelles

2195 3946 887 115 que .xiii. uarles de chambre du roy porte

2201 4006 888 109 rent les quelles. iiii ͤ. et .xiii. torches fu

2198 4082 883 118 rent portees auecques le corps iusques a

1977 1658 1079 72 Et lendemain a saint denis en france a gnͣt honneur
