3332 5312
859 594 1090 100 les diz preuols et escheuins auecques les bon

861 669 1089 92 nes gens uindrent en semble droit aparis. Et

864 743 1069 95 estoient bien en la compaignie des officiers

858 799 1078 106 du Roy et des gens de la uille .iiii.ͫ cheuaux

858 879 1080 86 et plus. Et ainsi acompaignie uint le dit

861 959 1086 76 empereur a la dite chapelle saint denis et la

858 1012 1110 85 se fist descendre dela litiere la Royne en un hos

861 1077 1092 94 tel et fu mis acheual sur le destrier que le Roy

855 1147 1069 104 li auoit enuoie a saint denis le quel estoit

861 1221 1069 89 morel. Et semblablement monta le Roy

858 1301 1078 80 des rõmains sur celui que le Roy li auoit

858 1363 1072 91 enuoie le quel estoit pareillement morel.

864 1419 1069 103 Et appenseement le roy de france les leur

858 1499 1110 106 dõmna de celui poil qui est plus loig et oppo

861 1575 1057 98 site du blanc pour ce que es coustumes de

858 1646 1092 95 lempire les empereurs ont acoustume de

864 1711 1074 100 entrer es bonnes uilles de leur empire et

858 1785 1110 97 qui sont de leur seigneurie sur cheual blãc

870 1856 1101 91 Si ne uouloit pas le Roy que en son Roiau

861 1935 1089 71 me le feist ainsi afin que il ny peust estre

864 1994 1095 104 note aucun signe de dominacion. Cõmẽt

855 2056 1078 95 le Roy de france se paru de son palais pour

861 2130 1039 92 aler alencontre de lempereur son oncle.

1124 2207 812 103 N celi meismes temps et heure

1127 2287 826 91 se parti le Roy de son palais mõte

1118 2354 853 104 sur un grant palefroy blanc riche

864 2428 1101 86 ment en sele tout aus armes de france. et

870 2490 1104 80 estoit uestu dune cote hardie descarlate uer

867 2546 1142 98 meille. et dun mantel afons de cuue four

867 2632 1098 83 re. Et auoit en sa teste un chapel a bes de

861 2694 1089 88 la guise ancienne brode et conuert de per

858 2753 1098 109 les tres riclement. Et en sa compaignie

864 2836 1080 97 estoient quatre ducz. Cest assauoir de

861 2915 1086 98 Berry. de Bourgoigne. de Bourbon ⁊ de

861 2983 1092 89 bar. Et les contes de Eu. de Bouloigne

858 3045 1092 100 de Coucy. de sarebruche. de tanquarnille

864 3119 1101 88 de Sancerre. de dampmartin. de porcien.

858 3196 1110 82 de grant pre. de Saumez et de Brame et

858 3266 1119 98 pluseurs autres grans seigneurs bãnerez

864 3334 1131 98 et autres. De cheualiers sanz estimacion

864 3408 1136 97 et nombre et dautres grans gentilz hõmes

867 3479 1095 82 Et si estoient des prelas tous ceuls dessus

864 3541 1101 100 escripz qui alerent au dehors de la porte .S̾.

858 3621 1113 91 denis au deuant de lempereur. et estoient

858 3677 1113 106 tous en chappes romaines par lordenance

861 3750 1113 89 et cõmandement du Roy et grandement

867 3830 1089 74 montez et acompaigniez de leurs chapel

867 3886 1107 86 lains et autres gens chascun de leurs ro

867 3954 1092 106 bes. Et les seigneurs et princes dessus di

867 4038 1101 108 estoient montez sus grans cheuaux moi

2113 608 970 135 ens plus hauls que coursiers et grandem̃t

2121 666 936 142 acompaigniez de cheualiers et descuiers

2121 737 951 145 chascun des liurees de leurs seigneurs. Et

2121 820 957 133 aussi auoit le Roy ses officiers de tous estaz

2121 888 951 127 en tresgrant quantite uestu chascun office

2116 953 956 138 dunes robes. Cest assauoir chambellans

2116 1026 950 130 deux peres de robes les unes de ueluiau ⁊

2130 1097 924 136 les autres de deux escarlates parties. Les

2119 1174 941 118 maistres dostel de deux ueluyaux ynde et

2119 1236 950 121 tenne. Et les cheualiers doneur uestuz de

2119 1301 935 124 ueluyau uermeil. Les escuiers du corps et

2119 1369 953 130 descuierie de camocas bleu. Les huissiers

2119 1448 947 116 darmes de deux camocas partiz de bleu ⁊

2126 1523 939 114 rouge. Les offices panetiers eschancõs

2127 1593 950 109 uarlez tranchans uestuz de deux satanins

2121 1658 951 115 palles de blanc et tenne. et pareillement

2121 1723 930 121 estoient les officiers du dalphin de uieñn

2121 1806 939 103 ainsne filz du Roy. Et les queux et escui

2121 1871 918 112 ers de cuisine de houppelandes de soie ⁊ au

2124 1938 933 115 musses fourrees a boutons de perles par

2121 2009 945 121 dessus. Les uarles de chambre cinquante

2127 2086 936 109 et deux tous uestuz dunes robes dun raie

2133 2145 921 109 gris blanc contre un drap noir. Les ser

2133 2228 936 103 gens darmes de cinquante a soixante ues

2130 2290 909 100 tuz dunes robes de drap bleu et noir.

2127 2354 903 113 Les sõmeliers dun raye brun contre un

2127 2425 903 107 uermeil. et ainsi de toutes les autres offi

2133 2502 909 103 ces chascune office separement dunes ro

2127 2570 903 86 bes. Et mist le roy au partir de la court

2127 2629 915 106 du palais pour la multitude des gens ache

2130 2709 906 91 ual qui y estoient plus de demie heure a

2127 2768 918 100 issir hors. Et cheuaucha par nu la uille en

2133 2841 897 95 grant multitude de gens droit le chemin

2127 2912 924 83 de saint denis en passant par la porte et bas

2133 2983 909 92 tide de saint denis. Et estoit lordenance des

2136 3042 894 95 gens du Roy si bien faite que pou y auoit

2133 3116 906 100 de presse on regart de la multitude qui la

2139 3187 874 88 estoit. Et deuant aloient tous les chłrs

2136 3263 892 80 et escuiers. les arbalestiers de cheual et ser

2139 3337 886 95 gens darmes. Et deuant le. Roy estoit le

2136 3393 883 104 mareschal de blainuille et escuiers de son

2133 3470 903 91 corps qui auoient deux espees a escharpe ⁊

2130 3538 906 88 les chapeaux de parement. Et sanz moyen

2133 3612 900 94 estoit deuant lui le filz du roy de nauarre.

2133 3668 918 118 et les contes de harecourt et de tanquaruille

2133 3753 897 86 et derrieres ses huissiers darmes. Et apres

2130 3815 886 98 les quatre ducz dessus diz et pluseurs

2136 3868 894 104 autres contes et barons et les prelaz dessus

2136 3939 906 112 nõmez par ordenance uenoient deux ⁊ deux.

2142 4010 871 109 Cõment le Roy de france et lempereur
