3281 5292
144 1881 1030 100 Comment charles empereur de Rõme es

144 1949 1021 109 cripst au Roy quil uouloit uenir en france.

441 2031 750 97 N celui temps. Mil CCC. lxxuii

441 2096 718 91 escripst au roy lempereur de

447 2172 741 80 rõme Charles le quart de ce nõ

447 2240 730 100 par lectres escriptes de sa main

429 2307 768 89 et par deux messages par lui en

147 2378 1041 88 uoiez lun assez tost apres lautre quil sestoit

150 2446 1029 82 ordene et parti pour uenir en france ueoir le

151 2515 1054 82 roy et faire certain pelerinage ou il auoit sa

158 2572 992 88 deuocion. de quoy le Roy fu bien liez. Et

153 2648 1032 95 ponnce que par ycelles il ne mandoit pas

150 2722 1032 85 le temps de souueuir ne par quelle part il

153 2781 1059 100 entendoit entrer on Royaume lui renuoia

153 2848 1056 92 le Roy de ses cheuaucheurs pour lui en rapor

153 2922 1026 94 ter le certain. les quelx raporterent qu a

141 2989 1041 89 lentree dalemaigne en la duchie de lucem

135 3048 1047 103 boure ou ilz auoient trouue le roy des Rõ

135 3125 1071 94 mains filz du dit empereur ia uenu au dit

129 3192 1071 94 lieu de lucemboure. et estoit uenu en petite cõ

132 3257 1062 103 paignie et en habit mescogneu lui et ses gens

141 3319 1047 103 estimez entour .xl. cheuaux. Et quant le Roy

135 3395 1074 85 fu de ce a certene pensa que lempereur ne feroit

138 3463 1056 91 pas longue demeure apres la uenue de son filz

141 3519 1050 106 que il auoit enuoie deuant. Si enuoia hasti

144 3589 1056 97 uement a Reins et iusques ala uille de Mousõ

147 3660 1062 88 entree de son royaume et par ou le dit emꝑeur

147 3722 1030 94 deuoit uenir en celles parties. Les Contes de

147 3795 1006 88 sarebruche et de braine ses conseilliers. Le

138 3848 1065 112 seigneur de la Riuiere son premier chambellã

147 3930 1053 91 et messire pierre de cheureuse maistre de son

147 3995 1047 97 hostel en leur compaignie et autres de ses ser

1360 649 1102 97 uiteurs pour aler alencontre de lempereur et

1368 723 1112 100 le receuoir honorablement alentree du royau

1371 808 1080 85 me. Et demourerent les dites gens du Roy

1374 882 1094 82 au dit lieu de mouson bien .xu. iours ou quel

1368 949 1080 85 temps ilz norent aucunes nouuelles du dit

1365 1005 1092 91 empereur. combien quil enuoiassent au dit

1365 1076 1092 82 lieu de lucembourc deuers son filz pour en sa

1368 1143 1056 82 uoir la certainete. le quel semblablement

1368 1205 1100 97 leur fist sauoir que nulle certainete neu sa

1365 1284 1077 88 uoit. Pour les quelles choses le Roy les re

1362 1355 1080 85 manda. et assez tost apres leur retour uint

1359 1417 1098 100 un messagier de lempereur au Roy ⁊ aporta

1362 1490 1089 85 lectres escriptes de sa main le quel sexcusoit

1362 1552 1092 91 de sa demeure pour certaines guerres qui es

1362 1625 1080 94 toient en aucunes parties dalemaigne les

1362 1702 1092 82 quelles il auoit des ia en partie ⁊ uouloit du

1362 1761 1086 88 tout mectre apaix auant son partement. et

1362 1825 1092 88 lui faisoit sauoir que sanz nulle faute il se

1362 1893 1074 94 roit .uiii. iours deuant noel deuers le Roy

1362 1960 1083 98 a paris. Mais pour certaines causes ⁊ pour

1359 2028 1086 100 uenir meilleur et plus brief chemin il auoit

1362 2105 1080 94 changie sou propos de uenir par lucembourc

1362 2169 1098 85 Mais ueniroit par breban haynault ⁊ cam

1353 2234 1095 97 bray. et pour ce manda son filz alucembourc

1353 2310 1098 83 uenir en brebant a lui le quel le duc de brebant

1356 2366 1101 103 son frere et la duchesse sa fẽme auecques les bõ

1356 2434 1106 94 nes gens du pais receurent młt honorablem̃t

1356 2507 1083 86 Et la deuoit uenir a lui le conte de flandres le

1353 2578 1098 94 quel pour celle cause se parti de gand auec .xl.

1356 2651 1112 89 cheualiers de sa compaignie pour uenir abruis

1353 2725 1059 76 selles et la furent pris les hostelz pour lui

1356 2784 1095 91 Mais quant il fu pres de la il se excusa de ma

1356 2845 1092 109 ladie qui li seuruint. et pour ce se enuoia ex

1359 2925 1112 88 cuser par le chastellain. de diqueume ⁊ autres

1350 2992 1104 86 de ses gens et sen retourna en son pais sanz

1356 3066 1089 85 ueoir le dit empereur. ¶ De la se parti le dit

1359 3136 1098 80 empereur et uint en haynault ou il cuidoit

1362 3192 1074 91 trouuer le duc aubert gouuerneur de hay

1362 3269 1089 82 nault le quel il auoit la mande. Mais il es

1359 3325 1089 85 toit ale en horlande si ny fu point. Et toutes

1365 3398 1103 85 uoies le dit empereur passa au quesnoy ou ses

1365 3457 1074 91 enfans estoient. et la demoura un iour et

1359 3525 1050 79 uit les diz enfans. Comment le Roy de

1362 3583 1098 92 france enuoia honorables messages en la ci

1362 3663 1068 79 te de Cambray pour aler alencontre de lem

1359 3716 1112 97 pereur qui y deuoit uenir et le acompaignerẽt

1359 3789 1068 85 treshonorablement iusques dedenz la dicte

1356 3860 1077 88 uille en la quelle il fu receu ioieusement a

1362 3924 1106 92 processions. Et des paroles que le dit emꝑeur

1362 3995 1103 112 dist aus gens que le Roy li auoit enuoiez .
