3390 5273
313 628 1103 133 aliez ou aidans durans les dites treueᷤ

319 708 1028 129 prendre ou embler escheler ou autre

319 785 1058 120 ment occuper ou empeschier en quel

322 858 1017 102 que maniere aucune uille Chastel

319 931 1025 123 forteresse ou autre lieu. Mais cesse

319 1010 1017 97 ront toutes roberies pilleries prises

310 1066 1040 102 de prisons arsures rauissemens pͥses

313 1142 1026 97 et reprisailles Mͣques ⁊ contreprises ⁊

319 1204 1040 117 tous autres malefices par terre ⁊ par

322 1271 1040 102 mer. Et se aucune chose estoit fait ou

325 1347 1022 97 actempte de la partie de monẜ ou de la

325 1411 1046 103 nostre ou daucun ou par aucun du pou

322 1476 1017 102 oir de mons ou du uostre contre ce q̃

322 1555 1049 100 dessus est dit ou contre les dites treues

322 1628 1046 97 Monẜ et nous le ferons reparer ⁊ mec

319 1696 1020 99 tre au premier et deu estat sanz delay

316 1760 1043 108 si tost cõme nous ou noz deputez en

316 1833 1064 97 seront requis. Et ferons rendre ⁊ res

319 1898 1069 111 tablir ce qui sera robe pris raui ou pil

322 1974 1031 100 lie ou lestimacion dicelles choses se el

316 2038 1052 91 les nestoient trouuees et par aucun

319 2109 1031 91 des faiz ou actemptaz dessus diz y aue

325 2179 1049 91 noient ou fait estoient ne seroient ou

328 2243 1022 97 pourroient estre dictes enfraintes ou

319 2296 1063 114 brisees les dites treues ne guerre pour

325 2372 1031 112 ce estre suscitee. mais seront reparez ⁊

319 2443 1034 96 mis au premier et deu estat cõme desẜ

322 2510 1037 105 est dit. Et les malfaiteurs en seront

325 2592 1040 100 pugniz se ilz faisoient ou auoient fait

325 2662 1043 97 aucune chose contre les dites treues les

328 2727 1049 94 quelles treues tenir ⁊ garder ⁊ faire loy

328 2788 1049 109 alment tenir ⁊ garder ⁊ les actemptãs

328 2870 1040 100 cõme dit est reparer ⁊ faire reparer et

331 2935 1037 102 mectre au premier ⁊ deu estat. Nous

334 2999 1051 97 auous fait promectre ⁊ Iurer en lame

328 3072 1063 103 de nous par noz diz procureurs ⁊ mes

325 3134 1060 97 sages traicteurs de la dicte paix a ce fai

331 3210 1034 100 re et especialment establiz. Et pour

334 3278 1051 93 plus diligẽment les faire tenir ⁊ gar

334 3351 1043 94 der cõme dit est et pour faire droiture

334 3415 1046 109 des prisons ⁊ tous complaignans qui

336 3491 1049 91 peuent ou pourroient auenir en tep̃s

336 3556 1046 88 de treues ⁊pour les actemptaz reparer

345 3620 1043 97 Nous auons depute ⁊ cõmis deputõs

345 3694 1046 96 et cõmectons conseruateurs des dictes

342 3746 1049 100 treues nobles ⁊ puissans hõmes Mõẜ

345 3817 1049 99 Thomas de beauchamnp Conte de War

348 3893 1040 82 uich ⁊ mareschal de nr̃e dit seigneur ⁊

342 3960 1029 97 pere. Thomas de houllande seigneur

342 4036 1040 103 de Warch Iehan de Greyli Captau de

1526 609 1125 117 buef. Le gardien de bretaigne ⁊ le Capi

1529 700 1090 99 tain de Calays qui seront pour nr̃e dit

1529 773 1107 111 seigneur ⁊ pere pour le temps. Et Eu

1532 852 1069 85 stace daubrichecourt tous cheualiers

1532 925 1104 94 et chascun deulx. Et neant moins les

1532 987 1078 93 Capitaines ⁊ Connestables des lieux

1532 1057 1096 97 et paiz ou les cas auendront ⁊ chascun

1529 1127 1102 91 deulx Aus quelx nous mandons depar

1532 1198 1081 93 nostre dit seigneur le Roy ⁊ cõmectons

1535 1250 1093 106 par ces presentes lectres que diligẽment

1535 1321 1072 99 et loyalment tiengnent ⁊ gardent et

1532 1400 1072 82 facent tenir et garder fermement les

1529 1464 1087 97 dictes treues par le temps dessus dit. et

1535 1529 1090 96 facent droitures tant de prisons non

1535 1602 1116 102 gardans leur cõuenances cõme en autres

1538 1666 1161 97 cas appartenanz a faire en temps de treueᷤ

1538 1728 1122 108 aus conseruateurs dicelles. Et nest mie

1538 1798 1110 103 nostre entente que se les genz de lost nr̃eẜ

1535 1880 1101 106 le Roy et les nr̃es prennent uitailles ari

1538 1939 1107 120 mailles uin char bestes ou autres choses

1538 2012 1104 105 pour la neccessite de leur uiure ⁊ de leurs

1535 2074 1110 114 cheuaux alans hors du royaume de frã

1538 2156 1107 111 ce en angleterre de ci aun mois. que noꝰ

1535 2238 1072 85 ne eulz ne aucun deulx soient repris

1538 2299 1057 106 approuchiez ne damagiez. mais que

1541 2372 1057 85 nous ne eulx ne facions autre arsure

1541 2442 1069 103 occupacion de forteresse rauissemẽs de

1541 2501 1078 109 fẽmes ou autres malefices que depren

1541 2572 1084 105 dre pour les uiures de nous ⁊ deulx du.

1538 2651 1110 90 rant le dit mois tant seulement ¶ Itẽ

1541 2721 1084 91 pour ce que aucunes garnisons des genz

1541 2785 1093 100 de nr̃e dit seigneur le roy demourront

1547 2859 1098 93 par aucun temps en aucunes forteresses

1547 2932 1072 99 ou chasteaux en france ⁊ aillieurs ou

1547 2993 1063 97 royaume de france Nous uoulons et

1549 3067 1061 90 accordons de par nostre dit seigneur le

1552 3128 1067 97 Roy et depar nous que ilz puissent le

1555 3207 1052 91 uer teles raencons et en tele maniere

1555 3266 1061 97 cõme ilz ont leue auant ces treues po᷑

1549 3330 1129 100 leurs uiures et pour la garde des diz chas

1552 3415 1043 82 teaux ⁊ forteresses sanz ycelles croistre

1552 3468 1090 100 tant cõme ilz demourront es lieux desẜ

1552 3547 1090 103 diz et que ilz puissent franchement a

1555 3623 1073 79 chater ⁊ emporter uitaille ⁊ les ayent

1561 3685 1058 91 a fuer raisonnable aussi cõme les au

1558 3746 1096 106 tres genz des diz lieux ⁊ des paiz enuiron

1558 3822 1061 91 acheteront sanz fraude ⁊ sanz malice.

1564 3890 1099 82 Mais quilz ne preignent pillent ou em

1558 3966 1105 74 blent forteresses ou facent autres male

1556 4035 1080 86 fices ¶ Sur toutes les quelles choses ⁊
