3258 5301
792 617 1037 113 moigne ⁊ afferme c̾tainem̃t ⁊ f̾mement

795 709 1031 86 le .S̾. esꝑit uenir du pere ⁊ du filz egaum̃t

795 771 1010 97 sãz creaciõ ⁊ sanz gen̾aciõ dune sb̾stãcia

789 845 1022 97 lite ⁊ dune coet̾nalite le nõ ⁊ la maniere

795 915 1004 92 de la ꝓcessiõ du .S̾. esꝑit nous enseigne .S̾.

795 983 1004 88 iehan en sõ apocalipse quant il dit ainsi.

795 1051 1001 91 lange me monstra .i. fleuue dyaue uiue

795 1116 996 91 resplendissant cõme cristal qui issoit du

795 1186 1010 89 throne dieu ⁊ de laignel. Cel yuer se tint

792 1239 1022 103 lemꝑere a es la chapelle. Au nouuiau tep̃s

795 1316 1004 103 enuoia a malhaire larceuesque de treues

795 1384 1025 94 et .i. abbe q̃ pierres auoit nõ a michiel lẽ

792 1454 1034 98 ꝑere de constant̃. pour ꝯfermer aliances. ge

792 1528 1013 91 neul ꝑlem̃t assembla son filz loys le roy

792 1596 1022 85 daquitaine manda la corone imperial li

795 1660 1016 83 assist on chief uoians touz ses barõs ⁊ le

795 1725 1028 92 fist ꝑconnier ⁊ compaignõ de lempire ber

798 1787 1022 100 nart sõ neueu qui filz ot este son filz pepin

801 1870 1010 79 donna le royaume de lombardie ⁊ uoulu

801 1920 990 100 q̃ il en fust roy appelle ¶ Apres ꝯm̃da q̃

810 2005 992 80 ꝯciles fussẽt celebrez par toute france pour

804 2058 1004 109 am̃der lestat de .S̾. eglise. lun fu celebre ẽ

798 2129 1037 103 la cite de maience. le secont en la cite de raĩs

801 2211 1040 80 Le tiers en la cite de chalon en bourg̾. le qͣrt

801 2279 1022 85 en la cite de tours et le .u. en la cite dalle

795 2341 1013 88 le blanc. puis fist reciter en plain couuẽt

798 2403 1031 103 des barons les corrections cõsils ꝯstituciõs

801 2482 1013 91 qͥ orẽt este faites en chascuns ꝯciles ⁊ qͥ

798 2553 1051 85 lexẽplaire ⁊ la copie en uoudra auoir trou

798 2623 1022 92 uer les pourra en ces .u. citez deuant dites

804 2697 1013 97 ia soit ce que les exemplaires en fussẽt re

798 2768 1028 97 tenues es escrins du palais. De ce ꝑlem̃t

801 2836 1040 94 furẽt enuoiez. Aucuns des barons de fran

801 2906 1031 97 ce ⁊ de saisoigne oultre le fleuue dalbe es

798 2965 1046 97 mrͣches des normens qui lempere auoiẽt

801 3051 1025 88 requis de pais ⁊ de concorde ⁊ que hamin

804 3112 1034 95 gues le frere de leur roy que lemꝑere teno

807 3186 1025 80 it fust renduz au lieu det̾mine assẽblerẽt.

801 3245 1028 94 si estoient .xui. dune part et autant daut̾.

798 3319 1016 88 la pais qui entre eulz estoit courut ꝯfer

801 3389 1028 89 merẽt ꝑ serem̃t. ainsi recurẽt les danois

798 3457 1043 97 le frere de leur roy. En ce temps nestoiẽt

801 3536 1040 86 pas ces .ii. roys en leur terre. ainz estoiẽt

801 3604 1034 94 alez ostoier en une terre qui a nõ wistra

798 3681 1016 85 fort. celle region est es derrenieres ꝑties

795 3740 1034 94 de leur royaume entre occident ⁊ septẽtri

798 3807 1037 95 on u̾s la fin de bretaigne droitem̃t encon

795 3875 1019 94 tre bise. le peuple ⁊ le prince de celle ꝯtree

801 3949 1010 97 ne leur uouloient obeir ne estre en leur

788 4019 1014 97 subiectiõ toutes uoies qnͣt il les orent

2014 622 1040 99 doutez ⁊ sousmis il retourn̾ent en le pays

2017 695 1017 97 ⁊ recurent leur frere que lemꝑere leur ot

2017 753 1034 109 rendu. Mais assez tost apres ce quil furẽt

2017 824 1034 106 retournez le filz le roy godefroy qui deuãt

2014 901 1020 97 eulz ot regne et plusẜ des nobles hõmes de

2017 968 1020 95 danemͣrche qui en autres pays estoient en

2017 1036 1037 94 essil leur appareillierent bataille. a la ꝑtie

2014 1104 1028 94 des .ii. roys se tuit le cõmun du peuple de

2017 1175 1023 97 tout le royaume et grans nombres dau

2017 1242 1005 95 tres ges qui a eulz arrmoient de toutes

2020 1307 1025 109 ꝑs. bataille firent ⁊ les chacierẽt assez le

2023 1378 1005 91 gierem̃t hors du royaume. ¶ Les mors

2020 1445 1014 104 despaigne qui lille de corse auoient proiee

2023 1507 1031 95 ⁊ degastee sen retournoient par mer. mes

2020 1575 1025 103 hirmingaire le conte de spolitaine le᷑ bas

2020 1649 1011 94 ti agaiz a .i. destroit si prist .uiii. de leurs

2017 1713 1028 95 uaissiaux. dedenz trouua .uͤ. corsiẽs ⁊ plus

2023 1787 993 94 que il en menoient pris. Apres auint q̃

2020 1855 1037 88 les mors qui ceste honte ⁊ cest domage uol

2017 1926 1017 85 drent uengier sassamblerent ⁊ entrerent

2020 1993 1005 92 en toscane. une cite qui a nõ cencelles de

2023 2064 1014 91 gast̾ent ⁊ une autre en la contree de nar

2017 2126 1023 97 bonne qui est appellee nice. Apres arriue

2023 2199 999 92 rent ⁊ entrerent en sardaigne. a ceulz du

2029 2267 1019 100 pays se combatirent mais il furẽt descõfiz

2029 2335 1037 100 ⁊ chaciez ⁊ seu fuirent a grant domage de

2029 2391 1011 112 leur gent .Incidence. ¶ Michiel lem

2029 2479 999 100 ꝑere de constant̃. se combati en ce temps

2029 2550 1037 85 ꝯtre .i. peuple qui sont appellez bulgres et

2032 2623 1028 95 po᷑ ce q̃ fortune li fu contraire en celle ba

2035 2682 1046 95 taille ⁊ q̃ il not pas uictoire de ses ẽnemis

2032 2762 1013 103 Il se desespera puis quil fu retournez ẽ cõ

2032 2838 1013 89 stant̃. lempire laissa ⁊ deuint moine. A

2035 2900 1034 95 pres li recut la dignite de lempire leõ qui

2032 2980 1034 91 fu filz barde le patrice. Incidẽce. ¶ Apres

2032 3042 1058 94 ces choses auint que crumas le roy de bul

2032 3104 1022 100 grie monta en trop grant orgueil po᷑ ce q̃

2032 3171 1043 95 il auoit occis .ii. ans deuant nicephore lẽ

2032 3242 1005 106 ꝑeour de constant̃. ⁊ lemꝑere michiel qͥ

2032 3313 1010 100 ap̃s fu desconfit et chacie de messie. po᷑

2035 3383 1043 103 ce mena son ost deuant la cite de ꝯstant̃.

2035 3466 1028 91 ⁊ mist ses tentes deuant les portes. un

2032 3536 1016 89 iour cheuauchoit ꝑ delez les murs de la

2035 3607 1022 88 cite plus folem̃t ⁊ plus despourueuem̃t

2038 3669 1022 94 q̃ mestier ne li fust. Quant lemꝑere leõ

2038 3743 1016 91 aꝑcut sa folie il sailli hors soudainem̃t.

2041 3801 1034 107 En ce poigneis fu le roy crumas griefm̃t

2044 3887 1010 91 naurez ⁊ sen fui arrieres en son pays il

2044 3949 1001 100 ⁊ touz ses oz ¶ Lemꝑeour apꝑeilla na

2041 4022 1022 106 uire ꝯtre ses norm̃s ⁊ fist faire nefs et
