3320 5329
864 675 1058 94 dautre part la ou len les pot sauoir et les

870 749 1046 100 fist assembler a paris le samedi .xi.ͤ iour

870 811 1060 106 de septembre lan dessus dit. en une grant

870 879 1049 100 chambre ou sale qui est sur la riuiere au

873 947 1069 118 palais. Et en la presence des diz prelaz et

873 1024 1063 106 clers le roy oy les diz euesque et maistre *

870 1104 1102 95 du saint palais. les quelz tant par la bou

873 1172 1087 109 che de lun cõme de lautre la maniere com

873 1237 1111 115 ment le dit arceuesque de bar auoit este nõ.

876 1323 1060 83 me pape par paour uiolence et tumulte

876 1373 1111 119 des Rõmains. et que les diz cardinaulx

879 1453 1108 110 estoient determinez a non le tenir pour

882 1521 1093 107 paye. Si conclurrent que pour ce signifi

879 1598 1060 92 er au Roy ilz estoient uenuz deuers lui.

879 1669 1051 113 et ainsi lui signifioient. Et requirent

885 1740 1090 101 au Roy quil uousist adherer a la determi

879 1820 1087 86 nacion des diz Cardinaulx. et quil leur

876 1882 1102 89 uousist donner conseil confort et aide en

885 1959 1096 95 ce fail. ¶ Si uoult le Roy apres ce quil

879 2019 1069 97 ot oy ses choses que les sages clers p̾laz

876 2099 1072 88 et autres qui estoient en grant nõbre.

879 2173 1046 97 tant maistres en theologie et en decrez.

879 2250 1117 91 docteurs en loys et autres maistres en au

882 2321 1087 82 tres sciences: eussent deliberacion ensem

879 2380 1066 95 ble en son absence que il auoit a faire et

882 2454 1054 92 a respondre sur ce. Les quelz par pluse᷑s

879 2519 1069 95 iournees furent assemblez et orent delibe

876 2575 1072 110 racion et finablement furent daccort de

879 2664 1093 86 conseiller au Roy que il feist faire respon

873 2732 1084 101 se aux diz messages des Cardinaulx en

882 2806 1040 107 la maniere qui Sensuit se il li plaisoit.

884 2886 1062 93 ¶ Premierement a la significacion que

876 2933 1081 101 les diz messages li auoient faite de lentẽ

876 3010 1049 89 cion des cardinaulx que le roy auoit be

876 3078 1090 95 nignement oy ce que par eulz li auoit este

876 3144 1072 112 expose. Et quant auz requestes quilz a

876 3209 1096 115 uoient faites tant de adherer a la determi

876 3295 1072 94 nacion des cardinaulz cõme de leur don

876 3363 1105 91 ner conseil confort et aide. le roy pouoit

873 3425 1102 109 faire respondre quil nestoit pas encore cõ

876 3502 1087 98 seillie de consentir ou de nier la dc̃e adhe

876 3573 1117 98 sion. et quil en uouloit encore plus auãt

882 3659 1114 86 estre informez. car la matere est młt haul

882 3733 1117 80 te perilleuĩe et doubteuse. ¶ Et quant a

882 3795 1087 95 laide il sembloit que le Roy pouoit respon

879 3848 1123 101 dre que ou moys daoust precedent il auoit

885 3916 1084 101 aidie les cardinaulz dune grant finance.

882 3973 1108 121 et mande auz gens darmes nez de son roy

885 4047 1105 115 aume qui sont oultre les mons que il dõ

885 4129 1090 110 nent confort et aide auz diz cardinaulz.

2113 681 940 122 Et ce a il fait et mande pour pourueoir a

2126 737 936 133 la seurte des personnes des cardinaulz de

2120 817 909 115 leurs familliers et de leurs biens. et a

2123 879 936 130 fin de les mettre hors des peulz ou ilz sont.

2126 959 918 124 et a nulle autre fin. Et se laide faite par

2126 1030 903 121 le Roy aus fins dessus dc̃es ne souffist :

2126 1101 927 121 encore est il prest de les aidier et conforter

2129 1175 927 118 quant point sera. La quele consultaciõ

2123 1252 951 100 par maniere de response le roy fist faire

2128 1330 789 91 aux messages des Cardinaulx.

2138 1394 924 112 Comment le Roy ot lettres que les car

2153 1450 817 125 dinaulx sestoient partiz de Rõme.

2236 1524 817 113 Tem assez tost apres furent apportres

2239 1601 799 110 au Roy aucunes lr̃es par les queles

2244 1678 791 101 estoit escript au Roy que les Cardi

2247 1752 812 98 naulx apres la dc̃e nominacion ou

2248 1822 807 91 election du dit berthelemi arceuesque

2133 1891 915 94 de Bar le plustost quilz auoient peu sẽ

2138 1948 915 106 estoient issuz de Rõme. et par scrupule de

2135 2025 915 97 leurs consciences nauoient depuis fait

2150 2081 903 118 au dit berthelemi obeissance ne reu̾ence

2144 2158 897 115 aucune. Et apres touz ensemble yta

2141 2241 894 97 liens et oultremontains. excepte le car

2138 2318 909 91 dinal de saint pierre qui estoit malade

2144 2389 870 83 contredirent le fait. et fu escript et sig

2142 2456 894 88 ne de leur mains et seelle de leurs seaulz.

2153 2525 872 80 Et depuis estudierent aucũs des diz car

2147 2592 890 78 dinalz tressolennelz docteurs cõmis ad

2147 2649 888 92 ce en especial a tresgrant diligence pour

2147 2727 893 94 sauoir considere le fait accorde se le dit b̶

2144 2794 885 89 thelemy par lelection faite de lui. ou par

2147 2856 873 95 les faiz ensuiz apres ycelle auoit aucũ

2144 2925 888 100 droit ou pape. furent les cõmissaires et toꝰ

2144 3004 853 89 les autres cardinaulx oultremontains.

2147 3064 873 97 et touz les prelaz maistres en theologie do

2150 3141 859 94 cteurs en droit canon et en droit ciuil aux

2150 3209 861 94 quelz ilz porent parler et les enfourmerent

2150 3277 850 100 du fait. concordablement en conclusion

2150 3351 864 95 que le dit Berthelemi nestoit point pape

2154 3425 881 92 aincois tenoit par tyrannie et occupacion

2155 3498 873 103 le siege. ¶ Apres ce firent leur publicaci

2151 3563 875 105 on solennelment selon ce que a eulz ap

2159 3629 865 116 partenoit et quil le pouoient et deuoient

2156 3694 868 101 faire de droit. Et ces choses ainsi faites

2153 3769 894 100 les diz cardinaulz firent sauoir aux au

2150 3837 880 97 tres cardinaulz estans lors a auignon

2156 3908 853 88 qui estoient .ui. en nombre. les quelz en

2153 3959 861 108 formez des choses dessus dões par les lr̃es

2150 4024 904 106 du college les consentirent loerent et ap

2148 4096 897 127 prouuerent de tout en tout ct les firent
