3353 5338
830 625 1024 104 .l. aus en .l. ans uisiteroient en peleri

839 705 1012 107 nage a rõme les glorieus apostres .S̾.

842 774 1051 91 pierre et saint pol ¶ Item en ce meis

845 839 1080 104 mes an le .xiii ͤ. iour dũ mois de Iuing

842 922 1057 83 furent trieues donnees a .i. an. Et en

845 984 1051 89 dementres deuoient estre messages en

851 1055 1009 86 uoiez de par le Roy de france et le Roy

848 1112 1065 77 dangleterre a la court de rome pour traic

848 1183 1062 92 tier de la paix ou de proloingnier les trie

851 1245 1062 86 ues. Ces choses furent faites es chap̃s

857 1313 1006 95 deuant Calais presens de par le pape

854 1376 1024 88 deux arceuesques de bracharentes ⁊ de

854 1453 1065 89 brimdis. Depar le Roy de france leues

863 1530 1024 83 que de laon et gille Rigant abbe de

860 1592 1021 89 saint denys en france auecq̃s aucuns

863 1654 1036 92 nobles. Et depar le roy dangleterre le

866 1728 1012 86 uesque de norwic auecques aucuns

866 1791 1044 98 autres dangleterre depar le dit Roy en

863 1846 1033 102 uoiez. ¶ Item̃ en ycest an une uille

866 1915 1071 113 qui est appellee lodun si fu prise des an

875 1989 1047 110 glois en la feste monẜ S̾. Ieħ baptiste

890 2050 989 102 ¶ Item en lentree du mois da oust

884 2138 1012 100 ensuyuant se combati monẜ Raoul

857 2197 1068 104 de Caours et pluseurs autres chłrs ⁊

872 2262 1006 110 escuiers iusques au nombre de .uiͯ.ͯ

863 2339 1071 101 hõmes darmes ou enuiron contre le

875 2408 1083 109 Capitaine pour le Roy dangleterre en

881 2485 1044 89 bretaingne appelle messire thomas

887 2556 1020 86 dagorne anglois deuant .i. chastel

890 2615 1032 101 appelle Auroy. et fu le dit mesẜ Tho

890 2686 1062 83 mas desconfit ⁊ mors et toutes ses gẽz

887 2752 1086 97 iusques au nombre de cent hõmes dar

881 2820 1024 102 mes ou enuiron.¶ En ce meismes

890 2882 1071 107 an le dymenche .xxii ͤ. iour du dit mois

884 2962 1074 95 daoust le dit Roy pħe mourut a no

890 3033 1077 92 gent le Roy pres de coulons. Et fu appor

887 3104 1041 92 te a nostre dame de paris le Ieudy enẜ .

890 3173 1023 92 Et le samedy ens fu enterre le corps a

890 3250 1056 89 saint denys au coste senestre du grant

896 3315 1035 74 autel. et les entrailles en furent aux

890 3371 1053 104 Iacobins de paris. et le cuer fu enterre

902 3445 1011 89 a bourfontaine en ualois. ¶ Ou tep̃s

890 3502 1086 89 de ce Roy phelippe fureut moult de exac

890 3576 1074 98 cions et de mutacions de monnoies młt

896 3650 1062 89 grieues au peuple les quelles nauoient

902 3703 1050 110 onques mais este benes ou royaume de

921 3767 1029 116 france. ¶ A yceli Roy furent pluseurs

913 3852 1039 101 leur noms de diuerses persõnes imposez.

1023 3917 956 104 ¶ Premierement il fu appelle phelippe

908 4001 1062 94 le fortune. car si cõme aucuns disoient

2047 645 979 111 fortune lauoit esleue ou royaume ⁊ estoit

2053 717 961 89 grant admiracions apluseurs cõment

2047 776 979 113 trois Roys si tres biaux estoient en les

2053 854 976 100 pace de .xiii. ans mors lun apres lautre:

2151 907 857 116 ¶ Secondement il fu appelle Phelippe

2059 975 958 107 leureurx. Car au cõmencement de son

2056 1052 979 92 royaumue. lot glorieuse uictoire des fla

2071 1120 943 95 mens: ¶ Tiercement il fu appelle pħe

2062 1180 976 89 le trẽs bon crestien. car il amoit ⁊ doub

2068 1251 964 98 toit dieu et si honnoroit a son pouoir S̾te

2085 1316 944 89 eglise. ¶Quartement il fu nõme pħe

2071 1373 949 115 le uray catholique. Car si cõme de lui est

2083 1441 949 112 escript il le monstra par fait et par dit

2085 1515 947 113 en son uiuant. ¶ Premierement par

2083 1586 931 92 dit. Cõme monẜ Iehan son ainsne

2083 1657 940 89 filz et duc de normandie fust moult

2088 1720 932 103 griefment malade en la uille de Ta

2094 1800 926 89 nerny en lan mil CCC.xxxu. et par

2094 1856 926 95 tele maniere que tous les medecins qͥ

2091 1930 932 86 la estoient ne sauoient plus q̃ faire

2097 1992 923 83 ne que dire fors seulement actendre

2097 2055 929 89 la uolente de nostre seigneur. Lors le

2094 2120 935 98 bon Roy cõme bon catholique ⁊ uray

2103 2194 932 104 mist toute son esperance en dieu et dist

2106 2262 923 89 ces paroles ala Royne et aceuls qui

2109 2330 923 101 la presens estoient. Ie uous pri que sil

2106 2399 914 103 muert que uous ne lenseuelissiez pas

2106 2464 929 104 trop tost. Car iay ferme esperance en

2106 2529 947 101 nostre seigneur et es merites des glorieꝰ

2106 2600 929 98 sains qui tant deuotement en ont este

2109 2666 941 94 requis. et es prieres de tant de bonnes

2115 2731 923 112 gens qui en prient et ont prie que se

2118 2802 923 113 il estoit mort si seroit il resuscite. Si

2115 2873 935 110 puet on ueoir par dit cõment il auoit

2115 2947 944 95 ferme foy en ihesucrist et en ses sains.

2112 2998 920 130 Apres par fait Cõme en son temps

2121 3090 899 106 Cest assauoir en lan mil cec .xxxi.

2118 3158 932 95 le pape Iehan .xxii. eust preeschie pu

2121 3217 929 107 bliquement a auignon une tresgnͣt

2130 3279 935 110 erreur de la diuine uision. Et finable

2124 3339 929 118 ment ceste erreur eust este preschiee

2133 3419 920 104 en la uille de paris par .ii. maistres en

2130 3492 947 105 theologie lun cordelier ⁊ lautre Iacob̶

2133 3543 923 131 enuoiez depar le dit pape si cõme len di

2130 3615 920 130 soit lan mil cec .xxxiii. de la quelle

2130 3691 941 113 predicacion ou opinon il sour di tres

2133 3760 945 118 grant murmure aussi cõme ꝑtoutes

2130 3816 914 140 les escolles de paris. Si auint que le

2130 3892 933 120 bon Roy oy parler de ceste chose si li en

2130 3961 917 152 desplut moule et manda tantost .x.
