3166 5301
798 658 1075 92 de Meullenc prise et toute la forteresse

798 727 1060 82 par les gens du dit Duc de Normandie

798 783 1051 115 la quelle uille aussi estoit au dit Roy

795 862 1083 98 de Nauarre. et furent pris pluseurs de

798 930 1083 91 la uille de Paris et autres qui tenoient

798 1010 1078 85 la partie du dit Roy de Nauarre contre

798 1066 1095 100 les diz Roy de france et duc de Norman

795 1139 1081 89 die leurs drois seigneurs et pour ce en

795 1214 1084 93 furent aucuns executez ⁊ decapitez a pa

801 1281 1036 88 ris cõme traistres Cõment le corps

795 1342 1075 98 du Roy Iehan fu apporte en france en

801 1410 1045 100 labbaie de Saint Anthoine lez paris et

821 1490 1072 88 de son obseque et enterrement a Saint

1054 1552 822 103 E Merquedy p̾mier ¶ denys.

1056 1605 808 106 iour de May lan Mccclxiiii.

1056 1681 808 97 dessus dit le corps du dit Roy

806 1752 1072 97 Iehan qui auoit este trespasse alondres

806 1822 1096 98 cõme dit est fu apporte a Saint anthoine

806 1896 1052 97 pres de Paris au soir et ydemoura. le

804 1946 1083 121 Iueudy le uenredy et le samedy ensuy

804 2029 1083 91 uant pour appareillier ⁊ mectre a point

801 2093 1077 106 le corps ⁊ les autres choses neccessaires

804 2176 1077 82 pour lobseque. Et le dymenche .uͤ.

806 2241 1096 100 iour du dit mois de May apres disner

801 2305 1089 95 fu le dit corps apporte de la dicte abbaye

801 2382 1080 91 de Saint anthoine en leglise de nostre

801 2447 1092 97 dame de Paris acompaigniez de proces

804 2520 1060 80 sions de toutes les eglises de Paris de

806 2588 1067 86 trois de ses filz cest asauoir Charles

806 2650 1055 85 Duc de normandie qui estoit ainsne.

809 2721 1072 85 Loys Duc daniou qui estoit le secont.

809 2783 1075 106 et Phelippe Duc de Touraine qui es

809 2844 1105 106 toit le plus Ieune de tous ses filz. ⁊ ausi

815 2933 1066 85 y fu le roy de chipre et Iehan duc de

815 2998 1078 97 Berry qui estoit le tiers en aage estoit

809 3059 1087 95 encore en angleterre. Et porterent le

812 3133 1081 88 corps du dit Roy les gens de son parle

815 3207 1072 103 mient si cõme acoustume auoit este des

818 3268 1081 109 autres Roys pour ce que ilz representẽt

815 3342 1081 94 sa personne ou fait de iustice qui est le

815 3410 1081 112 principal membre de sa coronne ⁊ par

815 3486 1114 98 le quel il regne ⁊ a seigneurie.¶ Item

818 3566 1084 85 le lundy matin ensuyuant .ui.ͤ iour

818 3637 1087 88 du dit mois de May fu la messe chãtee

821 3704 1055 97 sollempnelment en la dicte eglise de

827 3775 1084 85 nostre dame de Paris et tantost apres

821 3846 1093 88 la messe fu le corps mis achemin pour

827 3910 1078 101 porter a Saint denys en france par la

830 3978 1113 86 maniere quil auoit este apporte de Saint

824 4043 1118 99 Anthonie. et alerent apres apie ses .iii.

2031 654 892 121 filz. Charles. Loys ⁊ Phelippe ⁊ aussi

2038 721 892 115 le dit Roy de chipre iusques a Saint

2038 798 898 117 ladre au dehors de Paris et la mõterent

2038 865 886 115 a cheual les trois freres dessus dis ⁊ le

2038 948 901 115 dit roy de chipre et alerent tousiours

2040 1013 896 111 a cheual apres le corps iusq̃s alentree

2038 1079 884 109 de la uille de Saint denys et lors des

2046 1145 884 106 cendirent et alerent apie apres par

2046 1210 884 112 la dicte uille iusques a leglise. Et le

2055 1278 878 109 mardy ensuyuant .uii.ͤ iour du dit

2051 1353 916 98 mois de May fu fait lobseque du de

2058 1419 872 112 Roy en la ditte eglise de Saint denis

2055 1490 893 97 et fu le corps enterre au bout du gnͣt

2058 1552 893 97 autel a la senestre partie. Et tantost

2055 1619 837 97 apres la messe le Roy Charles son

2058 1684 875 94 ainsne filz ala ou preau du cloistre

2055 1755 869 85 de la dicte eglise. et la appoye a un

2056 1835 908 86 Sauigner estant ou dit preau recipt

2056 1902 889 85 pluseurs hõmaiges des pers ⁊ grans

2052 1963 879 95 barons. et apres ala disner ⁊ demou

2057 2037 855 87 ra. a Saint denys le dit iour ⁊ len

2069 2100 870 91 demain. ¶ Item le Ieudy ensuyuãt

2056 2165 884 87 ix ͤ. iour du dit mois de May parni le

2047 2239 889 89 dit roy Charles de Saint denys pour

2067 2291 866 112 aler a son sacre a Reims le quel deuoit

2067 2379 863 77 estre le iour de la trinite ensuyuant.

2061 2432 881 97 De la prise du Captal par mesẜ Ber

2067 2506 722 91 tran du guesclin cheualier

2335 2568 604 103 E Iuendy .xuiͤ. iour du dit

2335 2638 604 97 mois de May. Monseigne᷑

2341 2712 615 97 Bertran du guesclin qui lors

2070 2771 878 103 estoit pour le dit Roy de france es ꝑties

2079 2850 874 97 de Normandie se combati deuant soi

2073 2906 869 112 cherel pres de la Croix Saint lieffroi

2073 2986 866 91 contre le Captal de Buech lors lieu

2070 3042 872 112 tenant du Roy de Nauarre es dittes

2079 3118 870 109 parties et fu le dit captal desconfit et

2082 3194 889 110 pris et la plus grant partie de sagent

2079 3248 857 118 mors ou pris. Et pour auoir le dit

2082 3319 884 114 captal le Roy de france donna au dit

2086 3404 865 99 mesẜ Bertran du quel le dit Captal

2082 3464 893 118 estoit prison la Contee de longueuille

2082 3528 871 129 la Giffart la quelle auoit este an dit

2091 3600 884 122 Roy de Nauarre Mars le Roy de fran

2088 3674 878 110 ce lauoit fait prendre ⁊ mectre en sa

2087 3737 910 119 main pour ce que le dit Roy de Nauar

2088 3811 863 105 re sestoit rendu son ennemy. et par ce

2088 3857 863 130 le dit mesẜ Bertran laissa le dit cap

2087 3941 889 114 tal au Roy de france le quel il fist me

2078 4014 906 106 ner en prison ou marchie de Meaulz
