3411 5281
396 595 1001 94 et il atendoient la beneicon des espousa

399 671 980 91 illes que gui larceuesque de sens leur

399 739 1001 82 faisoit en la p̾sence des barons ⁊ des pre

396 798 992 96 laz qui la estoient auint une auẽture qͥ

396 865 995 94 bñ est digne de memoire. Tant yot as

399 941 992 85 samble du peuple des chastiaux ⁊ des uil

396 997 992 106 les uoisines pour ueoir la feste ⁊ la sollẽ

396 1073 1015 91 nite. et pour ce quil ueissent le roy ⁊ la roy

399 1144 998 85 ne coroneᷤ en semble que trop y estoit la

405 1208 998 94 p̾sse grant ⁊ la tumulte du peuple. pour

399 1279 992 85 celle noise apaisier. et pour le murmure

396 1331 1013 100 de la gent refrener se leua .i. chłr de lostel

396 1417 992 91 le roy il cõmenca a tornoier ꝑmi lair

396 1481 989 100 une u̾ge quil tenoit ainsi ꝯme il la te

396 1552 1004 93 noit ⁊ demenoit despourueuem̃t amont

402 1619 1004 91 ⁊ aual il assena trois des lampes duile do

396 1686 1010 83 liue qui pendent deuant lautel .a.i. seul

399 1754 992 88 cop les brisa toutes trois ⁊ respãdi luile

396 1813 1001 108 droitem̃t sus le chief le roy et la royne qͥ

396 1895 1010 85 estoient dessouz a genouz. Si ne doit on

402 1962 998 85 pas cuidier que ceste chose auenist dauen

399 2030 983 91 ture mais aussi cõme par deuine ordenã

399 2103 986 82 ce en signe de plente de dons du .S̾. esꝑit

399 2171 992 82 qui li fu damont tramis a espandre et a

399 2235 1001 85 młtiplier la gloire de son nõ ⁊ la renõme

396 2300 995 91 e de ses faiz ꝑ toutes terres dont il sẽble

396 2367 998 91 assez ꝓprem̃t que la parole q̃ salemõ dit

396 2435 1004 88 en cantiq̃s fust dite pour lui. aussi ꝯme

396 2505 989 91 sil uousist dire la gloire. la renõmee et

396 2575 1007 91 la sapience de ton nõ sera espandue de lu

399 2646 1007 85 ne mer iusq̃s a lautre. Car ꝑ luile nous

396 2716 1001 91 sont ces .iii. choses segnefiees. Renõmee

399 2784 1024 100 gloire. et sapience. et de ces trois gͣces fu

402 2860 992 79 il enlumine en sa uie. Car il fu renõme

408 2922 992 96 ꝑ uictoires. glorieux en ses faiz et sages

402 2995 992 79 en ce q̃ il doubta dieu. et en son royau

413 3054 996 99 me sagem̃t gouu̾ner ¶ En cel an tres

408 3124 1001 82 passa son pere le bon roy loys en la .iiii.

402 3192 995 82 kł. doctobre a .i. iour dun iuesdi. aparis

396 3256 1010 85 fu mort qui est la maistre cite du royau

396 3324 1001 88 me. si samble que il fust ainsi ordene ꝑ

399 3382 998 97 diuine ꝓuision que celui qui estoit roy

402 3461 986 100 ⁊ chief de tout le royaumne de france ⁊ qͥ

399 3529 983 91 si saintem̃t auoit touz iours uescu tres

399 3596 986 97 passast du palais en palais et de regne

402 3664 1009 88 transitoire a regne perpetuel. Que iex ne

399 3723 1001 93 uit ne oreille noy ne cuer dõme ne pour

405 3793 992 91 roit pourpenser que diex a apꝑeillie a teꝰ

408 3866 977 97 qͥ laiment en uerite. Qnͣt le corps fu ẽ

402 3934 968 103 basme ⁊ appeillie il fu porte en labbaie

1577 572 994 108 de barbrel que il auoit foudee. la royne

1582 657 998 102 ale sa fẽme fist faire sur lui une tombe

1582 730 995 94 dor ⁊ dargent ⁊ de pierres p̾cieuses de mer

1588 798 998 93 ueilleuse euure ⁊ de riche ¶ Eñ ce tep̃s

1585 862 1012 94 habitoient iuifs a paris ⁊ ꝑ tout le roy

1585 930 1012 90 aume en trop grant multitude assẽblez

1585 994 1009 106 y estoiẽt de diu̾ses parties du mõde po᷑ la

1588 1067 1009 100 payz de la terre et pour la lib̶alite du pa

1588 1138 1004 88 ys ⁊ de la gent. car il auoient oy ꝑler de

1585 1208 1007 88 la noblesce ⁊ de la fierte des roys de frãce

1588 1276 989 88 ẽcontre leurs anemis. et de la pitie ⁊ de

1582 1331 1010 97 la miẜicorde enuers leurs subiez. po᷑ ces

1585 1408 1024 94 te raysõ les plus grans et les plus sages

1585 1475 1027 103 en la loy moyse estoient en france uenuz

1588 1546 995 94 ⁊ habitoient a paris. en la cite demoure

1588 1601 998 100 rẽt si longuement que il enrichirẽt si q̃

1588 1681 1012 88 il achet̾ent pres de la moitie de la cite et

1585 1745 998 100 cõtre le decret et linstitucion de .S̾. eglise

1588 1816 1006 96 auoient ẜianz et chamberieres crestiens

1591 1889 998 85 manans auec eulz en leurs hostieux. a

1591 1953 995 94 ꝑtem̃t les faisoient iudaizier ⁊ deꝑtir de

1588 2027 1015 88 la foy crestiene. Les bourgois ⁊ les chłrs

1591 2094 1001 97 ⁊ les paisans des uilles uoisines estoiẽt

1588 2165 1006 88 en si gnͣt subiection uers eulz ꝑ les gnͣs

1588 2223 1009 97 deniers que il leur deuoient q̃ il p̾noient

1582 2288 1012 97 leurs meubles et leurs possessions. ⁊ les

1585 2364 1007 91 autres les uendoient pour eulz paier. et

1585 2429 1001 88 aucuns tenoient prisons en leurs mai

1588 2499 1027 100 sõs par leurs ẜemens en aussi grant sub

1588 2573 1027 88 iection ꝯme chaitiz sont en chartre. Mais

1588 2640 1015 97 qnͣt le bon roy sot que la foy crestiene es

1585 2705 1007 108 toit en si grant uilte tenue il fu młt es

1588 2784 1021 97 men de pitie ⁊ de compassion. a .i. bõ hõ

1582 2848 1045 103 me se conseilla qui auoit nõ b̾nart .S̾.

1582 2928 1036 85 hõme et religieux qui en ce temps meno

1585 2995 1018 85 it uie solitaire ou boys de uincenes. Celi

1585 3065 1007 85 li loa quil relaschast et quitast touz les

1585 3133 1024 88 crestiẽs de son royaume des debtes q̃ il de

1585 3197 1015 94 uoiẽt aus iuis. si en retenist la quĩte ꝑti

1585 3265 1042 85 e a son eulz se il uouloit. et ce fu la p̾mie

1585 3329 1030 83 re rayson pour quoy il bouta touz les iu

1582 3394 1018 103 ys hors de son royaume ¶ La scđe cau

1582 3470 1004 82 se fu telle q̃ il traitoient et manioient

1591 3541 1009 79 uilem̃t ⁊ ordem̃t les aornem̃s des eglises

1585 3602 1021 91 q̃ il tenoiẽt en gage pour la neccessite du

1591 3676 1006 88 peuple. cõme textes dor et calices et croiz

1585 3740 1012 91 dor ⁊ dargent. chapes et chasubles ⁊ maĩz

1588 3811 1006 76 aut̾s garnem̃s si uilem̃t les tenoiẽt en

1585 3863 1015 97 la honte de .S̾. eglise que il faisoient sou

1588 3946 1015 99 pes en uin a leurs iuitiaux es calices be
