3356 5352
901 686 1059 101 le dit sire de Clicon en fu aduise. Et pour ce

904 754 1080 99 que les diz anglois ne firent pas appertemẽt

910 843 1041 71 leur fait il sen parti franc et deliure ¶ Dit

901 903 1065 81 auecques ce que assez tost apres ce que la ba

901 969 1077 71 taille fu a cocherel le dit roy de nauarre pro

898 1019 1071 104 mist a fen monẜ Seguin de badesol. Mil. li

898 1100 1074 92 urees de terre pour faire guerre au Roy de fnͣce

898 1171 1071 98 et a son Royaume. Et pour ce que le dit mesẜ

901 1235 1083 100 Seguin li demanda que les dictes mil liur̃ de

895 1296 1089 95 terre lui feussent assises en certains lieux en

898 1379 1083 83 nauarre. Cest assauoir a falses a peralte ⁊ a

892 1442 1080 98 lerin. et lempressoit fort. le roy de nauarre en

895 1516 1104 83 disant que le dit mesẜ Seguin li demandoit le

901 1584 1098 95 plus bel de sa cheuance. dist au dit Iaquet quil

901 1656 1086 95 failloit quil sen deliurast. Et de puis parla a

901 1721 1056 107 gnillemin petit lors son uarlet de chambre

901 1796 1104 86 qui demeure a present a Eureux. et lui dist en

901 1871 1086 88 la presence du dit Iaquet que il connenoit q̃

901 1938 1101 89 il lempoisonnast. Et aun souper en la propre

901 1998 1080 98 sale du dit roy de nauarre a falses yceli mesẜ

898 2075 1080 101 Seguin qui y estoit assis ala table du sceu

898 2149 1083 89 et du consentement du dit Iaquet fist le dit

901 2215 1101 89 roy de nauarre empoisonner en coings ou en

898 2286 1080 101 poires sucrees ne scet le quel par guillemin

898 2366 1071 95 petit. Et mourut le dit Seguin dedenz .ui.

898 2432 1053 92 iours apres ou enuiron. et ne scet quelles

901 2491 1077 104 furent les poisons fors que il pense que ce fu

893 2577 1092 85 par reagal. ¶ Dit aussi quil demoura a

901 2637 1089 107 uecques le roy de nauarre par .xu. iours ou en

901 2699 1074 113 uiron apres ce que mesẜ charles son filz se fu

901 2771 1098 101 na gueres parti de lui et en ce temps uint den

907 2845 1089 107 gleterre par deuers le dit roy de nauarre gar

901 2916 1092 107 sie arnault de salies qui li dist que la ꝓmesse

904 2979 1110 104 princesse et tout le conseil dangleterre auoiẽt

904 3070 1089 102 grant desir que mariage se feist du roy dan

913 3124 1092 108 gleterre son filz et de lune des filles du dit roy

904 3202 1092 107 de nauarre. et que en ce estoient touz formez

901 3255 1089 104 et que combien que lempereur eust essaie de

897 3335 1106 103 faire mariage du dit roy dangleterre et de sa

901 3404 1104 119 fille il ne si estoient uoulu consentir et disoiẽt

904 3484 1086 98 que mieulx amoient quil fust marie a celle

904 3556 1092 110 de nauarre car cestoit plus noblement et en

907 3630 1071 104 plus hault lignage. Et oultre que au fort

907 3698 1125 98 il auroit le mariage pour neant et ne cous

907 3761 1071 107 teroit riens au roy de nauarre mais que il

910 3838 1127 89 feust alliez auec les anglois. Et quant le dit

907 3903 1113 96 iaquet se parti du dit roy de nauarre pour ue

904 3960 1095 116 nir deuers le dit mesẜ charles y celui roy de

907 4031 1110 107 nauarre lui dist que il deist ce que le dit garsie

907 4109 1089 114 li auoit rapporte au dit mesẜ Charles aleuesq̃

2151 688 895 126 dacx aferrando a mesẜ Guy de gauuille a

2151 764 916 119 Remiro darilhano et aus autres du conseil

2151 832 916 116 du dit mesẜ Charles. et ceste charge lifaisoit

2157 908 928 104 le dit roy de nauarre afin que la chose sauan

2151 970 936 114 cast se le mariage leur sembloit bon ¶ Et

2159 1045 934 105 quant il fu uenu deuers eulz il leur dist aĩs

2157 1106 936 116 Et le dit mesẜ Charles dist lors que il li sem

2151 1176 919 120 bloit que le mariage estoit bon et li plaisoit

2151 1245 907 107 bien. et ainsi furent pluseurs des autres.

2151 1314 916 110 mais leuesque en baissa la teste et nen dist

2151 1382 934 101 mot. Et lors dist ferrando. or regardez cõment

2168 1450 914 113 cel euesque ales besoignes de mon seigneur brẽ

2164 1517 919 110 a cuer qui ainsi se taist ¶ Dist oultre que

2154 1584 937 125 le roy de nauarre a tresgrant desir ad ce que les

2159 1659 926 101 alliances dessus dites dentre lui et le roy dan

2157 1730 927 104 gleterre soient hastiuement faites et pour ce

2159 1801 929 95 a ordene que les messages qui y deuoient aler

2159 1870 929 101 en angleterre y uoisent tantost et que lenten

2159 1944 911 92 cion du roy de nauarre est de uenir en france

2162 2004 926 113 en sa personne et ne scet le dit Iaquet se il uen

2159 2078 923 107 dra par mer ou par terre. mais bien scet que

2159 2140 914 101 se il uient par mer il montera a bayonne ou

2162 2218 905 107 nauire dangleterre se il y uient et uendra le

2159 2286 908 98 plus fort que il pourra. Et se il uient par terre

2159 2363 923 87 il uendra aussi cõme soubz un maistre en habit

2165 2432 884 98 mescogneu et entent afaire guerre au. Roy

2162 2497 923 98 de lui et de ses subgiez et alliez le plus efforciee

2168 2577 932 72 mient que il pourra et receuoir les anglois en

2168 2643 929 83 ses chasteaux et forteresses pour lui fare guer

2159 2721 924 79 re. Et dit que ausi estoit il propose auant q̃

2162 2786 903 73 il partist. mais le dit Iaquet pense que il

2168 2855 906 76 miuera son ꝓpos quant il saura nouuelles

2168 2916 911 84 de sa prise et quil fera auancier les alliances

2168 2988 896 89 et son armee pour greuer le Roy et le royau

2171 3044 890 104 me au plus tost quil pourra car il dira et

2174 3116 899 104 pensera en son cuer que le. Roy de france sache

2177 3184 890 113 de son fait par la prise du dit Iaquet autant

2186 3258 893 110 cõme il feroit par lui meismes se il estoit pͥs.

2186 3322 888 112 ¶ Dit auec ce le dit Iaquet que les messa

2182 3414 921 100 ges que monseigneur daniou enuoia nague

2174 3472 896 107 res par deuers le Roy de Castelle passerent

2189 3532 896 116 par nauarre et presenterent au roy de Na

2186 3603 893 113 uarre unes lectres que monẜ daniou li en

2174 3675 887 107 uoioit par les quelles li prioit que tous

2186 3740 890 116 mantalens et toutes choses du temps passe

2183 3805 902 110 fussent oubliees et que le dit roy de nauarre

2180 3871 902 119 uousist estre son ami car il uouloit estre le sien

2186 3946 899 103 et quil se uousist entremectre de laccort faire

2180 4016 899 93 sur le debat dentre lui et le Roy darragon et q̃

2180 4082 924 122 cestoit lõme quil enchargeroit plus uolentierᷤ
