3368 5343
380 581 995 116 maistre de son palays. mais cil qui ue u

383 650 962 106 sa pas sagement de lonneur que le roy

380 718 983 104 li auoit faite esuuit son mal talant ꝯtre

380 789 998 107 le roy par son outrage car il p̾uoit ⁊ toloit

383 851 980 104 a force les autrui choses sauz raysõ si fol

383 917 965 107 ⁊ si orgueilleux estoit deuenuz car il don

383 994 992 104 noit loyal matiere de mal dire a ceulz qui

380 1067 984 96 le haioient et qui enuie li portoient. po᷑

380 1130 977 101 tiex choses ⁊ pour samblables ot le roy en

389 1199 962 110 ꝓpos quil le feroit occirre mais rodoals

383 1267 968 98 qui młt ot grant paour sen fui au roy *

383 1329 983 107 clothaire ⁊ li requist quil priast le roy da

383 1401 959 98 goub̾t son filz que il li pardonnast son

383 1472 989 101 mautalant et li esꝑgnast sa uie. Le roy

380 1537 986 104 clotaire len pria quant il pot a li parler

383 1614 956 98 ⁊ il ꝓmist a celui esperance de uie se il a

380 1683 980 92 mandoit ses meffais ne scay qnͣs ans a

380 1739 983 110 pres uĩt aueq̃s le roy iusq̃s a la cite de tͤ

380 1816 986 98 ues. Un iour saproucha tant quil uint

380 1890 986 89 deuãt luis de la chambre le roy se il auo

380 1962 980 89 it puis riens fait ce ne sauons noꝰ pas

383 2030 971 92 q̃ lystoire nẽ parole mie. Mais quãt le

380 2101 971 89 roy le uit il dist a un sien chlr̃ qͥ auoit

380 2166 971 92 nõ berthaires quil li coupast la teste sãz

380 2235 953 92 demeure. Le roy dagoubert qui estoit

377 2303 980 86 biau iouuentiau noble ⁊ preux ⁊ cora

380 2371 995 86 geux en toutes forces et en toutes legiere

377 2442 968 89 tes de corps auenables et prince meta

380 2511 989 86 bles en toutes choses gouu̾noit le roiau

380 2576 965 104 me daustrasie ou son pere lauoit ẽuoie.

377 2650 977 98 sagement gouu̾noit ⁊ uenoit a chief de

383 2718 989 95 touz ses faiz et de toutes ses emprises. du

383 2790 977 95 ꝯseil .S̾. ernoul usoit et dun noble pͥnce

383 2855 986 95 qui estoit maistre de son palais q̃ sõ pere

383 2923 986 110 le roy clotaire li ot baillie si auoit nom

383 2992 974 103 pepin et les francois austrasiens qͥ habi

380 3057 971 104 tẽt u̾s le rin qui h es souueraines ꝑties

380 3131 971 110 de galle cest a dire es derraines ꝑties du

397 3193 972 107 royaume de france le recurẽt młt uolen

389 3268 947 112 t̾s ⁊ le corounerent a grant sollẽpnite ⁊

389 3342 983 107 a gnͣt ioie. De ce royaume daustrasie dõt

383 3398 962 119 le siege souloit estre a mes dient aucũes

383 3478 980 110 croniq̃s q̃ celle terre fu aucune foiz appelle

383 3550 971 115 e lorraine et que celle terre comprẽt toute

386 3603 950 125 auãterre ⁊ toute celle pͥmiere alemaigne

392 3677 965 116 iusq̃s au rin dune ꝑtie et dautre ꝑtie une

386 3740 947 112 ꝑtie de hongrie iusques aus marches dos

386 3805 959 131 teriche les sesnes qui touz iours sõt rebel

383 3873 947 134 les ne en pais ne pueent estre assãblerẽt

389 3938 971 161 maĩtes nascions ⁊ maintes man̾es de gẽs

1571 552 1039 112 et uindrent a m̾ueilleux ost coutre le roy

1571 650 1066 92 dagoubert. un cheuetain auoient qͥ auoit

1571 715 1036 98 nõ le duc berthoalz ⁊ le roy dagoub̾t qui

1568 789 1039 86 ne sappareilla pas moius u̾tueusem̃t pas

1571 854 1048 95 sa oultre le rin et uint a bataille ꝯtre eulz

1568 920 1042 89 ses ennemis qui forment se ꝯbatirẽt li rẽ

1568 997 1039 89 dirent pesant estour car il estoient trop

1571 1065 1015 89 grant plente de gens. En celle bataille

1571 1133 1006 86 fu si feruz de une espee ꝑmi le hyaume

1568 1202 1012 89 q̃ nulle armeure ne pot le cop detenir q̃

1568 1267 1001 89 elle ne li trenchast une partie de la teste

1571 1335 1009 86 Cest a dire une piece a tout les cheueux

1565 1389 1021 107 si q̃ elle chay a terre. Mais attilla sõ es

1571 1475 1018 92 cuier descendi et le prist. Quant il senti

1571 1540 1027 89 quil fu ainsi blesciez et uit q̃ ses gens es

1571 1611 1027 98 toient malmis et empiriez il appella ce

1565 1683 1012 89 li actilla son escuier et li dist. ua tost a

1565 1751 1012 95 mõ pere et li porte la piece de mon chief

1565 1822 1018 92 a tout les cheueux et li di quil se haste

1568 1893 1027 86 de moy secourre auant que tout mõ ost

1568 1965 1001 89 soit occis. Cil trespassa le rin ⁊ cheuau

1568 2030 1021 95 cha au plus ysuellem̃t que il pot onq̃s

1565 2104 1015 89 a la forest dardane et uint a .i. lieu qͥ a

1565 2169 1039 89 nõ longulaires ou le roy clotaires esto

1565 2238 1051 89 it lors. Quant il li ot coutees toutes les

1568 2309 1033 83 choses cõment elles estoient ennemies ⁊

1565 2368 1036 95 il li ot moustrees la piece de la teste son

1562 2439 1033 104 filz a tout les cheueus il fu angoisseꝰ et

1562 2514 1018 89 tremblẽs de la grant doleur quil ot en

1562 2576 1051 101 sõ cuer tantost fist souuer trompes ⁊ bui

1559 2650 1060 92 sines ⁊ uint ꝑ nuit a tout lost des fnͣcois

1562 2727 1033 95 Le rin passa a grant haste ⁊ uint a son

1562 2793 1027 95 filz. Qnͣt le pere ⁊ le filz et les .ii. oz furẽt

1562 2870 1036 101 ensemble il firent młt grant feste ⁊ młt

1565 2929 1039 101 grant leesce leurs tres ⁊ leurs tentes tẽ

1559 3006 1051 92 dirẽt sur une yaue qui est appellee uisa

1559 3075 1051 98 re. Bercoualz le duc des sesues qͥ estoit

1559 3146 1051 92 de lautre ꝑt de la riuiere touz apꝑeilliez de

1559 3217 1042 101 recõmẽcier la bataille. a sa gent demãda

1559 3277 1066 109 q̃ cestoit quant il oy la noyse ⁊ la tumł

1559 3366 1030 86 te q̃ len faisoit en lost des francois. Il

1556 3434 1027 89 li respondirent q̃ le roy clotaires estoit

1556 3502 1030 92 uenuz aidier a son filz et pour ce faisoi

1556 3562 1057 103 ent les francois tel ioie. Lors ꝯm̃ca a ri

1556 3639 1027 92 re forment ⁊ leur respondi. uoꝰ mentes

1556 3707 1039 95 dist il ce nest il pas mais uous le cuidiez

1559 3766 1010 107 po᷑ la grant paour que uous en auez q̃

1559 3843 1030 93 noꝰ auõs bien oy dire quil est mort. Le

1556 3906 1021 98 roy clotaire qui bñ entendi ces ꝑoles ses

1556 3977 1027 104 tut de lautre ꝑt de la riuiere sõ hyaume
