3445 5277
357 615 1026 109 nicolas le quint. es quiex proces il es

354 703 1059 85 toit contenu le dit pierre auoir este ma

351 762 1029 91 rie auant quil eust este religieux. Et

351 815 1056 123 de pus quil fu entre en religion sa fẽme

357 897 1067 102 lauoit fait semondre par pluseurs foiz

351 970 1027 102 et auoit a nom sa dite fẽme Iehanne

351 1040 1065 88 mathie. le quel pierre en desobeissant as

351 1102 1024 99 commandemens de sainte eglise ne

347 1179 1021 92 uoult onques retourner auecques sa

351 1243 1032 102 dicte fẽme. Et pour ceste cause le dit ppͤ

357 1310 1041 91 cõme contumaux le denonca pour escõ

354 1369 1059 96 mene par la uertu des diz proces faiz en

345 1448 1018 94 contre li ala requeste de sa dite fẽme.

334 1517 1065 96 ¶ Item en ce temps ot le Roy de france

357 1580 1023 96 deliberacion auecques son conseil a sa

360 1653 1009 88 uoir mon se pour le deffant du Roy

360 1717 1020 97 dangleterre qui estoit son hõme de la

357 1785 1035 100 duche daquitaine et le quel estoit re

360 1858 1053 91 fusant de en faire hõmage au dit Roy de

366 1917 1038 105 france se le dit Roy de france la deuroit

366 1987 1064 94 appliquier a sa seigneurie. Si li fu res

366 2060 1050 97 pondu que nou. Mais seulement du

363 2119 1017 91 rant le temps que lõmage na pas este

363 2178 1053 111 fait. suppose que la citacion ait este fai

366 2263 1058 94 te deuement. le seigneur puet faire en

363 2327 1029 97 dementres les fruis de la terre de son

363 2401 1053 82 uassal siens iusques a tant que son dit

363 2462 1053 97 uassal retourne a lõmage de son seign᷑

375 2524 1026 96 Et pour ceste cause furent enuoiez en

372 2585 1041 117 gascoigne leuesque dairaz et le seigne᷑

369 2670 1035 97 de Craon afin quilz meissent tous les

372 2735 1047 114 emolumens et reuenues de la duche

372 2817 1017 82 daquitaine en la main du Roy de fnͣce

375 2875 1020 106 iusques a tant que le roy dangleterre

369 2958 1034 98 li eust fait hõmage deu. ¶ Item dere

375 3010 1058 115 chief et dabondant le Roy de france en

375 3089 1011 88 uoia autres messages en angleterre

375 3157 1035 94 au dit Roy dangleterre afin quil fust

378 3216 1061 102 cite une foiz pour toutes pour le dit

378 3280 1049 100 hõmage faire. Et par tele maniere que

378 3342 1058 105 sil estoit negligent de faire le dit hõma

387 3421 1011 102 ge len procederoit contre lui par la for

384 3494 1026 82 me et par la maniere que droit le don

398 3544 1023 105 roit.¶ Item en celui temps la Royne

389 3614 1030 112 de france enfanta .i. filz mais il mou

392 3682 1003 102 rut assez tost apres et fu enterre en le

392 3743 1006 103 glise des freres meneurs a paris ¶Cõ

392 3825 991 85 ment le Roy dangleterre se mist. en

392 3887 1027 100 mer pour uenir en la cite damiens ou

392 3946 1000 121 le Roy dangleterre dessus dit deuoit

1562 618 1026 91 faire hõmage au Roy de france de la

1571 688 1032 94 duchie daquitaine et de la conte de põ

1574 765 1017 88 tieu cõme hõme du Roy de france.

1899 1975 707 91 An de grace Mil CCC.xxix.

1911 2046 695 97 le Roy dangleterre entra

1917 2104 704 94 en mer le dymenche apres

1914 2178 686 96 la trinite et passa a Bou

1914 2242 689 100 loigne. Quant le roy de

1580 2310 1035 96 france sot la uenue du dit Roy dangle

1583 2380 1046 85 terre si uint agrant foison de ses barõs

1589 2445 1046 99 prelas et autres a Amiens et enuoia

1592 2512 1026 94 alencontre du dit roy dangleterre des

1592 2579 1043 112 plus grans de son lignage qui moult

1592 2656 1014 96 noblement et honnorablement ladm

1592 2720 1034 97 enerent en la cite damiens en la q̃le

1589 2793 1023 103 le Roy de france actendoit le dit Roy

1589 2852 1035 103 dangleterre qui li uenoit faire hõma

1586 2934 1020 100 de la duchie daquitaine ⁊ de pontieu.

1586 3007 1026 97 si cõme dessus est. dit.¶ Quant les

1586 3060 1014 114 deux Roy sentreuirent si firent młt

1597 3136 1009 103 grant feste lun alautre. Et apres ce

1597 3207 991 85 cõmencierent a parler euls et leur

1592 3265 1005 97 couseil de moult de choses et par espe

1594 3339 1032 96 cial sur la matiere pour quoy ilz estoi

1594 3409 989 88 ent assemblez. Et li fist requerir le

1594 3482 1006 85 Roy de france quil feist son deuoir ꝑ

1592 3538 1029 103 deuers luy de la dite duchie daquitaine

1594 3608 1021 91 et de la conte de pontieu. Lors fu respõ

1594 3673 1032 102 du depar le Roy dangleterre et en sa pre

1594 3734 997 88 sence et fu dit que messire Charles de

1597 3808 1024 82 ualois pere du dit Roy phelippe auoit

1600 3863 1009 100 despoillie le Roy dangleterre en grant

1606 3946 1018 105 preiudice de li et de son Royaume dune
