3355 5252
240 660 1021 84 Cõment Charles ainsne filz du Roy

262 733 1003 94 Iehan qui trespassa en angleterre fu sa

258 812 1003 89 cre et enoint a Roy de france en leglise de

271 875 923 82 Reims et aussi fu la Royne sa fẽme.

662 2104 621 78 an de grace. Mil.CCC.lx

665 2159 608 102 et quatre le dymenche

668 2243 628 79 iour de la trinite qui fu

662 2305 619 87 le. xix ͤ.iour du mois de

659 2363 617 96 May furent le dit Roy

659 2442 605 93 Charles et madame Ie

227 2512 1066 96 hanne de bourbon sa fẽme sacrez a Reims

259 2585 1034 81 par monẜ Iehan de craon lors arceuesque

256 2643 1043 99 du dit lieu. et furent au dit sacre les eues

254 2710 1039 93 ques de laon. de beauuais lors chancelier

254 2783 1039 91 de france. de langres et de noyon pers de

254 2853 1024 91 france. et pluseurs autres prelas qui

254 2932 1042 93 nestoient pas pers. Et barons loys duc

254 3002 1013 87 daniou. et phelippe duc de Touraine et

256 3060 1002 91 la contesse de flandres. contesse dartois

262 3127 1025 97 Pers de france. le Roy de chipre le duc de

259 3206 1022 79 breban frere de lempereur et oncle du dit

262 3267 1016 91 roy de france le duc de lorraine. le duc de

262 3335 1008 96 bar et pluseurs autres barons qui nes

267 3406 1048 104 toient pas pers. Item le mardi .xx. ⁊

262 3463 1031 108 uiiiͤ. iour du dit mois de May les diz roy

262 3542 1005 81 et Royne de france qui retournoient de

268 3600 1022 90 leur sacre entrerent a paris cest assauoir

262 3661 1025 102 le dit Roy enuiron heure de midy et ala

262 3734 1025 105 droit a nostre dame et de la retourna au

262 3807 1034 96 palais. Et enuiron nonne la Royne en

262 3880 1011 96 tra aparis et ala droit au palais. Et

262 3941 1016 97 auecques la Royne estoient a cheual. la

251 4011 1001 104 duchesse dorliens fẽme de phelipe duc

1471 664 1043 97 dorliens oucle du dit Roy. La duchesse

1467 730 1073 97 daniou fẽme du dit loys duc daniou. et

1468 811 1084 87 madame marie suer dicelui Roy la q̃lle

1480 875 1031 79 nauoit onques este mariee. Et de puis

1454 2100 1098 88 fu femme du duc de bar. Et menoit la dite

1459 2167 1136 85 Royne par le frain du cheual monseigneur

1459 2232 1072 102 de Touraine qui aloit de pie le quel monẜ

1451 2296 1121 99 de touraine estoit frere du dit uoy. Et monẜ

1462 2375 1122 93 le conte de en semblablement menoit ma

1457 2448 1089 96 dame dorliens. Monẜ destampes menoit

1459 2515 1110 87 madame daniou. et monseigneur loys de

1457 2582 1103 90 chalou et le seigneur de beaugieu menerẽt

1457 2652 1103 84 la dite madame marie. Et fist len celui iour

1457 2713 1089 93 grant disner au palais la ou furent tous

1454 2783 1103 96 les prelas qui estoient a paris. Et apres

1454 2847 1121 99 disner qui fu enuiron nõne ot grans iouste

1457 2929 1106 87 en la court du palais et lendemain ausli. et

1462 2993 1110 88 a tous les deux iours iousta le roy de chipre

1459 3063 1087 91 et pluseurs autres dux coutes et barons.

1503 3133 1034 85 Iten le uendredy derrener iour du dit

1462 3192 1098 96 mois de may lau MilCCClxiiii dessus dit le

1459 3270 1133 91 dit Roy charles octroia a monseigneur phe

1457 3337 1118 88 lippe son plus ieune frere la duchie de Bour

1457 3410 1097 91 goigne la quelle auoit este requise par a

1459 3475 1095 96 uant au Roy iehan et len recupt celi iour

1474 3533 1078 96 en sa foy et en son homaige. Et ycelui mõẜ

1471 3609 1060 96 phelippe laissa au Roy son frere la duchie

1459 3661 1098 102 de touraine que le Roy lehan son pere li a

1468 3743 1066 90 uoit donnee lan Mil CCC.lx. De la mort

1483 3813 1066 85 de Charles de blois et desconfiture de ses genz

1705 3866 847 90 E par monẜ Iehan de montfort

1713 3936 862 96 dymenche iour de la saint michi

1720 4017 852 99 el MilCCClxiiii. dessus dit se com
