3487 5324
367 567 1036 119 et de toutes les choses dessus dictes monẜ

367 662 1059 112 le duc se departi de eulz. Et lendemain a

370 736 1056 109 pres disner leur en respondroit. Et pour

364 810 1050 98 ce assembla le dit monẜ le duc ou chas

364 890 1021 94 tel du louure pluseurs de son lignage ⁊

361 952 1045 89 autres cheualiers. et ot auis et delibera

361 1008 1056 107 cion sus les choses dessus dites et par plu

361 1085 1033 101 seurs fois tant on dit iour de lendemaĩ

364 1162 1042 89 cõme en deux ou trois iours ensuyuant

361 1221 1030 98 enuoia le dit mons le duc aus diz frẽs

361 1295 1030 92 meneurs par deuers les diz esleuz pluẜ

352 1351 1065 95 de ceuls de son lignage pour les requerir

358 1431 1015 83 et traictier auecques euls cõment ils

355 1496 1045 92 se uousissent deporter daucunes des re

358 1564 1027 92 questes que eulz li auoient faites par

358 1629 1059 98 especial des .iii. dont dessus est faite men

358 1709 1030 89 cion. en leur monstrant que les dictes

361 1762 1042 98 requestes touchoient le roy son pere de si

361 1833 1042 98 pres que il ne les oseroit faire ne aꝯplir

367 1913 979 104 sanz le congie expres de son dit pere. *

467 1972 936 101 ¶ Finablement pour ce que les diz es

370 2049 1047 104 leuz ne se uouldrent deporter des dictes re

349 2120 1071 89 questes ne daucun es dicelles pluseurs

349 2188 1048 98 de ceulz du lignage du dit monẜ le duc

355 2256 1048 86 et autres cheualiers qui auoient este a

352 2327 1054 80 son conseil sur les dictes choses furent

352 2386 1039 98 dacort et conseillierent au dit monẜ le

352 2463 1042 95 duc quil acomplesist les dictes req̃stes.

355 2528 1012 89 pour ce que autrement il ne pouoit a

358 2599 1030 86 uoir aide des diz trois estaz . sanz la q̃lle

358 2667 1048 92 aide il ne pouoit faire ne gouuerner sa

358 2741 1042 95 guerre. Et pour ce fu iournee assignee

358 2806 1036 101 aus diz trois estaz aleur requeste pour

358 2883 1048 83 oir tout ce que ilz uourroient dire pu

358 2957 1048 77 bliquement en la chambre du parlem̃t

361 3025 1048 77 a un iour de lundi a matin ueille de la

367 3079 1044 91 feste de toussains.¶ Mais le dit mõẜ

355 3158 1042 101 le duc qui młt forment estoit courrou

358 3232 1051 92 ciez ⁊ troublez pour cause des dites req̃s

355 3300 1024 86 tes qui li auoient este faites apart. et

355 3362 1039 86 secretement si cõme dessus est dit. et les

355 3425 1056 109 quelles len ly uouloit faire publiq̃mẽt

355 3507 1062 86 en la dicte chambre de parlement. et con

358 3575 1039 86 sideroit que les dictes requestes il ne pou

358 3638 1042 88 oit acomplir sanz courroncier formẽt

352 3700 1074 94 le dit roy son pere et sanz li faire offense

358 3774 1039 79 notable. Manda et fist aler par deuers

352 3836 1057 91 luy aucuns autres de ses conseilliers les

355 3910 1039 83 quelz il nauoit point appellez as choses

355 3972 1068 109 deuant dites. Et leur exposa de sa bouche

1583 589 1060 100 les requestes que les diz .iii. estaz li auoi

1592 662 1078 104 ent faites. et aussi laide quil li offroient.

1586 730 1042 95 Et uoult que ses diz conseilliers ly en

1583 798 1072 110 deissent leur auis. Les quelz en la pre

1589 878 1027 98 sence de pluseurs des autres qui autre

1589 949 1036 89 foiz y auoient este li monstrerent cõ-

1589 1011 1015 98 ment il ne deuoit faire ne acomplir

1586 1076 1042 92 les dictes requestes dessus exprimees.

1592 1147 1045 92 Et aussi li monstrerent cõment layde

1592 1215 1066 104 que len li offroit nestoit pas souffisante

1586 1286 1036 98 pour fournir sa guerre. Et iasoit ce q̃

1589 1354 1063 92 par les diz esleuz eust este dit au dit mõẜ

1589 1422 1033 89 le duc que la dicte aide pouoit faire et

1586 1487 1060 92 fournir. trente. Mile hõmes armez cest

1589 1564 1078 89 asauoir pour chascun hõme demy florin

1586 1632 1030 89 a lescu pour iour. les diz conseilliers

1589 1700 1045 89 monstrerent au dit monẜ le duc que

1586 1771 1057 74 la dicte aide ne pouoit monter aplus de

1586 1830 1048 95 uiii.ͫ ou .ix.ͫ hõmes armes par pluẜs

1589 1898 1057 104 faiz et raisons. aus quelles sacorderent

1586 1966 1048 107 tous les autres qui estoient au conseil

1586 2046 1036 92 du dit duc qui bien estoient iusques

1589 2105 1042 104 au nombre de trente ou de plus ¶ Et

1589 2173 1081 98 ia soit ce que la plus grant par̃tie diceulz

1592 2239 1078 97 eust par auant este dacort que le dit mõẜ

1589 2318 1048 98 le duc acomplesist les dictes requestes

1592 2383 1063 95 et li eussent conseillie si cõme dessus est

1586 2454 1051 101 dit. toutesuoies se reuindrent ilz lors

1592 2531 1080 83 et furent tous dopinion que il ne le feist

1589 2596 1045 95 pas. Mais pour ce que młt gnͣt peuple

1592 2667 1048 86 estoit assemble en la dicte chambre de ꝑ

1586 2732 1054 98 lement. en la quelle deuoient les dictes

1583 2795 1078 109 requestes tantost estre faites au dit mõẜ

1583 2874 1039 98 le duc par la bouche de maistre Robert

1583 2934 1063 103 le Coq lors euesque de laon le dit mõẜ

1586 3019 1072 86 le duc ot conseil cõment il pourroit fa

1589 3079 1054 100 re departir le dit peuple. et par le cõseil

1595 3150 1042 94 que il ot il enuoia querre en la dicte

1595 3221 1075 94 chambre de parlement pour uenir deu̾s

1595 3292 1083 91 luy en la pointe du palais ou il estoit

1595 3360 1075 94 aucuns de ceulz des .iii. estaz. et par espe

1595 3442 1048 83 cial de ceulz qui plus principalment

1595 3502 1057 91 gouuernoient les autres ⁊ conseilloi

1592 3572 1042 83 ent a faire les dictes requestes. Et la

1592 3635 1030 97 uindrent par deuers luy. maistre ray

1598 3697 1039 97 mon saquet arceuesque de lyon. Mõẜ

1595 3774 1030 97 Iehan de Craon arceuesque de Reins

1598 3833 1057 100 et le dit maistre Robert le coq euesque

1590 3886 1053 102 de laon pour les genz deglise. ¶ Pour

1598 3977 1042 97 les nobles y furent mesẜ waleran de
