3390 5338
827 665 400 84 bataille de crecy

969 720 823 98 e .xl. Comment le roy de france

818 797 997 95 se ordena a pour siuir son ennemi le

821 865 994 92 Roy dangleterre iusques a la uille de

824 937 1020 80 hedin. Et comment un aduocat de la

824 1002 994 86 uille de laon appelle gauuain uoult

833 1058 741 101 trayz la dite cite de laon.

949 1123 898 98 e .xli. Comment mesẜ Charles

821 1204 1038 91 de blois duc de Bretaigne fist siege sus

818 1257 1041 101 les anglois de la roche deriau. Et com

821 1328 1065 107 ment il fu pris dun cheualier danglet̾re

824 1396 988 104 appelle messire thomas dagorn. ¶Et

824 1473 1053 92 comment auques tous les barons de

824 1548 1017 86 bretaigne furent en celle heure pres

818 1621 685 75 que tous mors ou pris.

913 1681 964 89 ee .xlii. Comment tous les nobles

830 1752 1068 98 et non nobles du pays dentour la roche

830 1817 1041 83 derian et mesmement de leueschie de

815 1880 1065 95 trignier uindrent assaillir les anglois

836 1951 1041 104 de la dite roche et fu capitaine le Sire

833 2025 1038 92 de Craon que le Roy de france y auoit

839 2087 1041 95 enuoie en secours. Et cõment les an

839 2164 1026 92 glois furent pris et la uille et chastel

858 2228 258 85 recouurez.

963 2298 887 95 e .xliii. De la grant mortalite

836 2369 1059 101 qui dura enuiron .i. an et demy ou

842 2446 1050 89 royaume de france pou plus pou maĩs

842 2505 1017 86 en tele maniere que aparis mouroit

848 2574 1014 89 bien iour par autre .uiii. cens ꝑson

851 2639 1014 83 nes. Et cõmenca la dite mortalite en

845 2698 1011 110 une uille champestre appellee Roissy

851 2772 1020 92 empres gonnesse. Et en lespace de celi

845 2841 1026 88 an et demy selon ce que aucuns disoiẽt

842 2912 1041 89 le nombre des trespassez a paris mõta

845 2980 1023 98 de .l. mile a .lii. Mile. Et en la uille de

848 3051 996 89 saint denis le nombre se monta a

845 3131 627 80 xu. Mile ou enuiron.

963 3187 902 89 e .xluͤ. chapitre et derrenier fait.

863 3256 999 89 memoire du grant pardon de Rõme

830 3324 1047 98 que pape clement octroia lan. Mil ccc .l.

833 3398 1044 83 et du trespassement du Roy phelippe.

842 3522 1050 104 Ci finent les chapitres du liure des faiz

854 3600 1029 86 et du temps du Roy phelippe de ualois et

858 3674 587 89 apres cõmence le liure.

857 3772 987 115 Le premier chapitre. Cõment pħe

863 3867 1014 80 conte de ualois ot le gouuernemẽt du

860 3926 961 107 royaume. et de son coronnement.

2328 1743 655 104 pres la mort du roy kł. le bel

2343 1823 670 86 qui auoit laissiee la royne Ie

2346 1889 652 94 hauue sa fẽme grosse furent

2343 1954 655 86 assemblez les barons et les

2061 2028 931 80 nobles a traictier du gouuernemẽt du

2055 2087 955 104 royaume. car cõme la royne fust grosse ⁊

2046 2152 973 92 len ne sceust quel enfant elle deuoit auoir

2043 2224 961 95 si ui auoit celi qui osast a soy appliquier

2046 2289 964 107 le nõ de roy. mais seulemẽt estoit q̃stion

2046 2369 943 86 au q̃l tãt ꝯme plꝰ ꝓchain deuroit estre

2052 2443 934 77 cõmis le gouuerneniet du royaume. si

2046 2502 964 101 fu delibere que au dit pħe apꝑtenoit le dit

2052 2580 949 83 gouuuem̃t le q̃l estoit cousin germaĩ du

2055 2651 937 83 roy kł. et filz de mons cħle de fnͣce iadis

2049 2701 970 86 cõte de ualois secõt frere g̾main de ꝑe ⁊ de nie

2046 2760 955 104 du roy pħe le bel. le quel pħe ot le gouu̾ne

2043 2838 955 106 ment du royaume de puis la mort du đ

2049 2903 922 98 roy kł. iusques au uenredy aoure q̃ la

2046 2974 949 89 dite royne iehanne enfanta une fille et

2052 3039 955 107 pour ce q̃ fille ne herite pas an royaumne

2064 3104 934 110 li uint le dit royaume et en fu coronne

2058 3179 937 100 par raison. cõbien q̃ le roy dangleterre ⁊

2055 3259 949 92 autres ennemis du royaume tenissent

2058 3309 958 110 contre raisõ oppiniõ q̃ le royauine apꝑtenist

2058 3383 934 107 miex au dit anglois ꝯme neueu du roy

2061 3443 925 106 kł. filz de sa suer q̃ au dit roy pħe qui

2061 3514 943 109 ne li estoit que cousin germain ¶ En

2064 3582 919 98 uiron ce temps pierce remy principal

2064 3650 919 104 tresorier du roy charles derrenier mort

2064 3712 946 110 fu accuse quil nauoit pas bñ loialment

2061 3778 940 106 dispense ne administre les biẽs du royau

2064 3840 931 113 me si ꝯme pluẜ nobles ⁊ nõ nobles laf

2064 3908 943 107 fermoient. et disoient q̃ la ualeur de ses

2070 3982 940 131 biens montoit aplus de. CC ͫ liures. li fu
