3369 5302
834 621 1014 88 barons quil sacorde̾nt touz et euesq̃s ⁊ cõ

837 686 1028 100 tes ⁊ abbes a son coronnem̃t et il leur dona

837 762 1011 89 les hõneurs du royaume selon ce q̃ il re

840 836 1011 88 q̃roient ꝑrayson. Lors fu corone a rains

842 901 1011 91 ꝑ la main larceuesq̃s ham̃ ꝑ ꝯmũ assẽt

840 974 1005 89 des barons ⁊ des p̾las qui se mistrent ẽ sa

837 1036 1025 89 defense ⁊ en sa garde eulz ⁊ leurs eglises. et

837 1107 1022 85 il li iurerent que il li seroient loyaux selõ

837 1166 1031 100 leurs pooirs et en aide et en conseil au pro

842 1248 1011 92 fit de li ⁊ du royaume. et les uauasseurs

840 1316 993 91 se recõmãderent aussi a li et li iurerẽt fe

842 1387 1020 85 aute ⁊ loyaute. mais pour ce q̃ listoire ꝑ

842 1455 1020 82 le souuẽt des abbes du royaume pourroi

840 1525 996 98 ẽt aucũs cuidier q̃ ce fussent moines et

842 1596 1009 80 gẽs de religiõ. mais nous cuidons miex

842 1664 1014 85 selõ ce q̃ listoire donne a encendre q̃ ce fus

840 1729 996 91 sẽt barons ou grans hõmes seculiers a

842 1796 1032 89 qui len les dounast ou a temps ou a uie

840 1867 1013 94 si estoit mauuaise coustume ⁊ ꝯtre dieu

845 1941 1003 88 q̃ autres gens tenissẽt les bñs des religi

842 2008 1014 86 õs q̃ cil q̃ la rieule establist po᷑ destruire ⁊

842 2067 1014 103 pour dilapid̾. ne le ẜuice nr̃e seign᷑ ni po

840 2150 1022 91 oit estre bien fait ne lordre bien garde en

840 2220 1028 92 telle man̾e. sanz faille listoire ne ꝑle pas

848 2279 1020 101 plainem̃t q̃ il fust ainsi mais assez le dõ

840 2356 1019 88 ne a entẽdre lecoronem̃t de ce roy loys. si

842 2424 1011 94 fu ainsi en lan de lincarnaciõ .dcccc. lxx

840 2494 1034 83 uiii. la natiuite nr̃eẜ celebra a .S̾. maart

842 2559 1023 94 delez soissons. de la se ꝑti ⁊ sen ala a ẽdraĩ

845 2633 1003 94 uille. et la feste de la resurrection celebͣ

851 2706 1002 89 a .S̾. denis en france puis sen ala outre

834 2777 1025 91 saine po᷑ .ii. raysõs a la priere hue labbe.

842 2845 1023 91 La p̾miere fu pour li aidier ꝯtre les nor

845 2919 1023 85 mẽs. et la scđe si fu pour ce que les filz go

845 2983 1008 95 defroy auoient saisi le chastel ⁊ les hon

842 3057 1000 82 neurs le filz le conte huodi huedon. Et

842 3110 1041 103 la tierce si pot estre pour ce q̃ haimes le filz

837 3187 1019 88 b̾nart le mrͣchis auoit prise la cite de eu

831 3257 1014 80 ureux ⁊ faisoit młt de maux ou pais en

837 3319 1019 100 tour car il proioit ⁊ roboit tout qnͣquil

840 3393 1022 91 pooit a la guise des normens. Iusques a

840 3455 1019 100 tours ala le roy la fu si tres durem̃t ma

837 3525 1005 95 lade q̃ len cuidoit bñ quil deust mourir

840 3599 1016 97 mais la m̾ci dieu il allega de celle mala

837 3673 1002 94 die. Lors uint a lui gorfroiz ꝑ le conseil

837 3740 1014 98 de ses amis qui młt le tindrent court de

840 3802 1013 103 ce faire. et amena auec li ses .ii. filz. au

840 3876 1013 91 roy rendi les chastiaux quil auoiẽt sai

840 3954 1034 87 siz ⁊ les apꝑtenances par tel ꝯdiciõ que il

840 4014 1002 98 les tenissẽt apres par son don ⁊ ꝑ sa uo

2048 600 1002 124 lente. Apres ces choses godefroi conu̾ti

2051 698 1026 94 gnͣt ꝑtie des bretons ⁊ les amena a la fe

2048 762 1017 98 aute le roy. mais apres firent il aussi ꝯ

2051 839 1017 94 me bretons. ¶ En ce temps auint que

2051 901 1008 100 lapost̾ iehau fu młt durem̃t esmeuz ⁊ co᷑

2054 980 1002 86 rouciez contre .ii. contes lamb̾t et albert

2054 1042 1005 94 qui li auoient ses citez et ses uilles ꝓiees

2057 1104 1031 91 ⁊ robees. si pesaum̃t ꝯme il pot les escõme

2051 1172 1002 91 nia. de rome sen issi et en porta młt de p̾

2051 1245 1023 92 cieuses reliques. formose leuesq̃ de portue

2048 1313 1008 92 en mena auec li en mer se mist et uĩt a

2051 1384 1032 88 name iusq̃s a alle le blanc. si arriua droi

2051 1455 1035 88 tem̃t le iour de la penthecoste. lors enuoia

2051 1525 1020 92 ses messages au prince boson. et cil li en

2048 1596 1032 82 uoia gens pour li conduire iusq̃s a lyons

2051 1664 1023 82 sur le rosue. de la manda au roy loys de

2051 1734 1008 89 fnͣce ꝑ ses messages q̃ il li ueuist a lẽcon

2048 1796 1020 92 tre la ou il pourroit miex a son aaisem̃t

2051 1870 1032 79 et le roy enuoia encontre li aucuns de ses

2051 1935 1026 85 euesq̃s ⁊ li requist quil uenist iusq̃s a troi

2051 2005 1014 95 es ⁊ ꝯm̃da q̃ les euesques du royauine li

2054 2070 1011 103 aministrassẽt ses despens. Encõtre li uĩt

2057 2150 990 85 a troies es kł. de septembre car il ni pot

2057 2212 1023 88 plus tost aler pour sa maladie. lors assẽ

2057 2279 1029 98 bla gnͣt ꝯcile de touz les euesq̃s du royau

2054 2353 1026 82 me ⁊ de la ꝓuince de belge. En ce ꝯcile fist

2054 2418 1002 97 lire lescomeniem̃t dont il auoit escome

2054 2483 999 97 nie a rome lamb̾t et albert et formose.

2054 2550 1005 95 et g̾g̾. et requist atouz les p̾laz leur assẽ

2051 2621 1002 94 tem̃t en cel escomemem̃t et les p̾laz li re

2054 2698 1029 97 quistrent q̃ aussi ꝯme il auoit ce fait reci

2057 2765 996 92 ter ꝑ escͥpt aussi leur ottroiast a auoir

2057 2839 1020 91 si q̃ il peussent miex ⁊ plus c̾tainem̃t pro

2057 2910 1026 85 nõcier leur assentem̃t. ainsi leur ottroia

2054 2975 1020 100 lapost̾. Et lendemain qnͣt le concile fu as

2057 3045 1023 97 samble baillierent a lapost̾ leur escpͥt qui

2063 3110 1011 103 ꝯtenoit telle sentence. Sire .S̾. pere des pe

2057 3178 1034 91 res apost̾. iehan de la sainte eglise de rome

2060 3254 1031 92 nous euesq̃s de france ⁊ de belge filz ⁊ ẜiãz

2060 3316 990 100 ⁊ disciples de ur̃e sainte auctorite. nous

2060 3378 1008 100 noꝰ dolons ꝑ grant compassiõ ⁊ plourõs

2066 3458 999 94 po᷑ les plaies ⁊ pour les gries q̃ les mau

2060 3516 1005 107 uais menistres ⁊ filz du deable ont fait

2060 3593 999 88 a nr̃e mere ⁊ maistresse de toutes eglises

2060 3661 1017 97 leglise de rome et soustenõs ur̃e iugem̃t

2069 3732 984 94 ⁊ noꝰ y ꝯsentons de cuer ⁊ de bouche ⁊ de

2063 3793 1008 98 uoiz ⁊ ala sentẽce que uous auez dõnee

2066 3870 1008 94 sur eulz ⁊ sur leurs aides et selõ les droiz

2066 3944 996 94 des canõs qui furent establiz ⁊ donez de

2063 4008 1005 109 uoz antecesseurs et nous qͥ sõmes sacrez
