3300 5341
344 622 961 104 et li moustra marsił de loing entre les

350 694 961 101 compaignies des sarrazins a .i. cheual rou

353 753 955 119 ge ⁊ a un escu ront. a tant le laissa Ro. ał

344 824 946 104 si ꝯme il li auoit ꝓmis. Lors se feri entre

341 893 955 101 les sarr̾. li ⁊ ceulz qui auec li estoient har

344 958 970 113 diz ⁊ encouragiez de bataille seurs ⁊ auirõ

341 1023 961 113 nez de la u̾tu nr̃e seigneur. un sarr̃ choisi qͥ

347 1100 952 107 plus grant estoit que nul des autres celle

347 1169 940 109 ꝑt se traist ⁊ le feri si de sespee durendal q̃

341 1237 949 95 il le fendi tout des le chief iusq̃s en la sel

338 1296 949 116 le ⁊ coupa a .i. seul cop ⁊ li ⁊ le cheual si q̃

335 1370 955 98 la moitie du sairr̃. et du cheual chei a destre

341 1436 964 103 ⁊ lautre a senestre. Et quant les sarr̃ uirẽt

341 1519 949 92 si ruiste cop et si m̾ueilleux il ꝯm̃cierent a

344 1587 964 92 fuir ca ⁊ la et laissierent marsile ou chãp

341 1658 952 95 a petite ꝯpaignie. Et Ro. ⁊ les siens qͥ en

338 1712 952 98 saide auoit la uertu nr̃e seigneur se feri ẽ

335 1777 964 110 tre les sarr̃. plus fier que nul lyon ⁊ ꝯmẽ

335 1863 952 89 ca a detrechier ⁊ a crauẽter a destre ⁊ a se

338 1928 958 86 nestre tant quil saprocha du roy m̃rsił.

341 1993 958 87 Et cil qnͣt il le uit uers li uenir se prist au

335 2065 947 95 fuir mais Ro. qui de pres le suiui le cha

335 2139 952 80 ca quil loccist entre les autres sarr̃ ꝑ lai

335 2195 955 98 de nr̃ẽẜ. En celle derreniere bataille furẽt

332 2261 938 100 touz ses .C. ꝯpaignons occis. Il meismes

329 2335 961 89 fu naure de .iiii. lances et griefm̃t feru de

326 2406 961 92 lãces ꝑches ⁊ de pierres. mais toute uoies

329 2474 973 95 eschapa il de celle bataille par layde de nr̃e

329 2545 955 101 seigneur. Tantost ꝯme baligant sot la

329 2614 961 101 mort sõ frere maisile il sen fui de ces con

329 2685 961 95 trees li ⁊ ses sarr̃. En ce point estoient par

329 2756 958 101 mi les bois bandoin et tyerri et aucũs au

329 2830 938 98 tres crestiens qui se reponoient pour la

329 2898 953 107 paour des sarr̃. Et charłm ⁊ ses oz passoi

329 2970 950 107 ent les pors qui encore riens ne sauoiẽt

326 3032 929 110 de loccisiõ qui en roceuaux auoit este.

326 3097 964 116 Lors ꝯm̃ca Ro. a repairier tout seul par

323 3174 941 119 mi le champ de la bataille las ⁊ traueil

323 3243 935 115 liez des grans cops quil auoit ⁊ donnez ⁊

320 3314 959 113 receuz ⁊ engoisseux et dolens de la mort de

320 3388 944 101 tant nobles barons quil ueoit deuãt lui

320 3453 950 110 occis ⁊ detrenchiez grant doleur demenãt

317 3513 965 121 sen uint en tel maniere ꝑmi le boys iusq̃s

314 3584 973 125 au pie de la montaigne de cisaire ⁊ descẽdi

314 3664 959 113 de sõ cheual dessouz .i. arbre delez .i. grant

320 3732 959 110 ꝑron de marbre qui ilec estoit dresciez en

317 3795 947 118 un młt biau pre an dessus de la ualee de

320 3860 950 130 ronceuaux. si tenoit encore en sõ poĩg du

320 3934 938 116 rendal sespee. durendal si uaut autãt a

317 3999 953 137 dire ꝯme donne dur cop ou fier durem̃t

1505 619 1011 102 sarr̃. espee estoit esprouuee sur toutes aut̾s

1507 697 1021 89 clere ⁊ resplendissant et de belle facon tren

1510 759 988 95 chant ⁊ a filee. si forte que elle ne pooit ne

1507 827 1027 92 fraindre ne brisier. si fine estoit que auant

1504 896 1030 89 fausist braz que espee. quant il lot sachiee

1504 964 1006 86 toute nue et il lot grant piece regardee il

1504 1032 1015 98 la ꝯm̃ca a regreter aussi cõme en plourãt

1504 1100 1036 92 ⁊ dit en tel man̾e. O: espee tres clere ⁊ flam

1501 1172 1024 89 boiant que il ne ꝯment pas fourbir aussi

1507 1243 1012 98 ꝯme autres de belle grandeur ⁊ dauenãt le

1504 1311 1009 86 esce. fort ⁊ ferme sanz nulle manmesture.

1501 1376 1024 92 blanche cõme .i. yuoire. par lenheudeure en

1495 1448 1033 89 treseigniee de croiz dor resplendissant aorne

1498 1519 1027 83 e de põmiau de beril sacree et benoite des let

1498 1584 1021 92 tres du nõ nr̃e seignem .Α.Ω. et auiron

1495 1655 1039 95 nee de la forte nr̃e seigneur ihũcrist qͥ use

1492 1718 1042 94 ra plus de ta bonte qui taura : qui te ten

1492 1792 1024 95 dra. Cil qui te portera ne sera ia uaincuz

1492 1863 1036 86 ne esbahiz. ne ia paour naura de ses enne

1495 1934 1018 86 mis ne ne sera sempris ne deceuz ꝑ fanta

1492 1988 1033 92 sies ne par illusions. mais touz iours ara

1495 2071 1039 89 en saide la diuine u̾tu. par toy sont sarr̃.

1492 2136 1033 95 destruit ⁊ gens mescreans occis. la foy cres

1492 2204 1051 89 tienne essauciee. la loenge de dieu mõtepliee

1489 2272 1021 95 ⁊ aquise. O: tantes foiz ay partoy uẽgie

1489 2326 1083 110 le sanc nr̃e seigneur ihũcrist. O: qnͣs milłs

1489 2415 1042 95 des ẽnemis de la croiz ay par toy occis. tãt

1486 2486 1048 92 sarr̃. et iuis et autres ennemis de la croiz de

1486 2551 1027 98 strinz. La iustice de dieu est par toy souste

1486 2623 1054 94 nue ⁊ acomplie les piez ⁊ les maĩs acous

1483 2697 1042 95 tumez a larrecin sont par toy du corps es

1486 2771 1054 92 rachiez autant de foiz ꝯme iay ꝑ toy occis

1486 2842 1051 92 ou sarr̃ ou iuif. autant de foiz cuide ie auo

1483 2916 1033 92 ir uengie le sanc ihũcrist. O: espee tres be

1483 2979 1036 89 neureuse. en trechant ⁊ en aguisece tres is

1483 3044 1048 98 nelle. a cui ne fu onques ne iamais ne se

1480 3118 1048 104 ra ta samblable. Cil qui te forga ne auãt

1480 3189 1030 98 ne ap̾s nen pot faire une autelle Qui de

1480 3269 1000 86 toy fu naure ne pot onques puis uiure.

1483 3335 1033 92 Ie ay trop grant duel se mauuais chłr ⁊

1480 3403 1024 104 ꝑesceux ta apres moy. Iay trop gnͣt dole᷑

1477 3477 1057 89 se sarr̃ ou autre mescreant te tient ⁊ te ma

1480 3545 1057 92 nie. Qnͣt il ot ainsi sespee regretee il la dre

1477 3622 1057 98 sca ꝯtremõt et feri .iii. m̾ueilleux cops ou

1480 3685 1036 104 ꝑron de marbre qui deuant li estoit car il

1480 3753 1018 104 la cuida brisier pour ce quil auoit paor q̃

1480 3821 1039 98 elle uenist en mains de sarr̃. Que uous cõ

1480 3892 1021 95 teroit on plus le perron fu coupe damont

1480 3964 1015 98 iusq̃s en terre ⁊ lespee demoura saine et

1483 4032 1057 110 sanz nulle briseure. et qnͣt il uit q̃ il ne la
