3351 5315
771 675 1025 83 a la cite de caours en degastant tout le pa

774 741 1019 94 ys deuant lui par fer et par feu et quͣquil

774 806 1025 91 trouuoit dehors les forteresces. par la cite de

771 876 1031 86 lymoges retourna en france sain ⁊ sauf li

777 941 990 92 ⁊ touz ses oz. De celle ost se deꝑti thasilles

774 1009 1016 92 le duc de bauiere et faint quil estoit mala

774 1065 1025 104 des. en son pays retourna ⁊ se deꝑti de laliã

780 1148 1013 86 ce ⁊ de lomage le roy et ꝓposa q̃ iamais a

777 1210 1022 95 sa court ne retourroit. Le roy deꝑti ses oz

777 1278 1040 95 ⁊ seiourna en cel yuer en une uille qͥ estoit

777 1340 1049 95 appellee longlaire la celebra la sollempni

780 1411 1004 97 te de pasq̃s et de noel. Incidence ¶ En celle

780 1482 1043 91 annee fu lyuer si aspre et si fort que on ne

780 1553 1019 94 recordoit pas que nulz eust onques uen si

786 1618 1013 97 gnͣt ne si cruel. le roy auoit .ii. diu's ꝓpos *

783 1691 1016 95 pour .ii. diuses guerres quil auoit entre c

783 1753 1019 98 mains celle daquitaine qui lonc temps

786 1827 1004 92 auoit dure et une autre nouuelle cõtre

786 1889 1040 95 le due thassile de bauiere qui son homage

786 1966 995 89 auoit brisie et sestoit deꝑti de sa feuete.

788 2022 1023 106 grant ꝑlement assembla de ses barons ẽ

786 2102 1034 97 une cite qui auoit nõ garmare toute cel

786 2173 1034 88 le annee se tint en sõ royaume sauz osto

786 2241 1016 91 ier. en la uille de karisi celebra la sollep̃

786 2306 1037 88 nite de noel et de pasques. Eclipse de soleil

788 2371 1011 94 fu en cel an en la p̾miere none de may ẽ

788 2444 1020 92 tour leure de midi. De tout cel an ne se

794 2518 1017 92 nuit le roy du royaume ne pour la g̾re

797 2583 999 101 de bauiere ne pour celle daquitaine qui

791 2660 1032 89 encor nestoit finee. mais apres tĩt gen̾al

797 2728 1005 100 ꝑlem̃t a atingni ⁊ celebra la sollempni

794 2799 1026 88 te de pasq̃s ⁊ de noel a es la chapelle. Qnͣt

791 2861 1044 97 la nouuelle saison reuint le roy tint gnͣt

800 2940 1017 98 ꝑlem̃t en la cite dorliens pour recõmẽcier

797 3011 1020 89 la g̾re contre le duc gaif̾. ses oz assembla

803 3082 1029 89 ⁊ entͣ en aquitaine. le chast̾ dargent refer

797 3138 1061 98 ma q̃ le duc gaifier auoit abatu. ce chast̾.

797 3212 1026 98 ⁊ aucunes citez auoit abatues ⁊ crauẽtees

797 3283 1041 89 iusq̃s a t̾re pour ce q̃ il pensoit bñ que il ne

797 3342 1029 106 pooit lõguement durer ꝯtre la force le roy.

797 3413 1011 97 En la cite de bourges mist le roy garnisõ

800 3487 1005 91 a tant retourna en france la sollẽpnite

794 3552 1044 91 de noel celebra en une uille qui a non sau

797 3620 1032 103 mõci ⁊ celle de pasques a gentilli ¶ En

797 3693 1035 89 celle annee fu faite questions entre legli

797 3764 1017 89 se dorient ⁊ celle doccident cest adire ẽtre

797 3835 1023 95 les griex ⁊ les latins de la sainte trinite

800 3909 1038 94 ⁊ des ymages des sains. pour celle q̃stion

800 3980 1032 94 det̾miner assembla le roy concile des p̾laz

803 4051 1040 101 en la uille de gentili. quant ce ꝯcile fu deꝑ

1991 660 1005 95 ti ⁊ ce uint apres noel le roy esmut ses

1994 729 1026 91 oz ⁊ entra en aquitaine par la cite de nar

1994 800 993 91 bonne sen ala et puis ꝑ thoulouse alle

1991 868 1008 91 le blanc ⁊ gaiete prist ⁊ toutes les ꝯtrees

1994 936 1011 88 dentour mist en sa seigneurie puis sen re

2000 995 1020 94 tourna ꝑ uienne la celebra la sollempni

2000 1063 1022 94 te de pasques. tant ostoia a mõt ⁊ aual q̃

2000 1133 1025 92 la saison fu ia auques passee son ost qui

2000 1201 1005 95 trop estoit traueilliez fist .i. poy de tep̃s re

2003 1272 1031 92 poser puis mut ou moys daoust pour par

2000 1343 1014 86 faire le remanant de la guerre daquitai

2000 1396 1014 109 ne. ꝑ bourges retourna et fist le ꝑlemẽt

2003 1473 1002 94 de ses barons puis mut ⁊ ala oultre le

2003 1541 1025 94 fleuue de gironde tout le pays dento᷑ ly

2003 1609 1034 100 moges destruit par feu et ꝑ occisiõ maint

2006 1677 1008 94 chast̾. ⁊ mainte fort̾esce prist tout age

2009 1745 1034 103 nois tout engolesme tout pierregortois

2012 1813 1005 97 mist en sa subiection et prist młt de ses

2012 1883 1028 92 ennemis qui se deffendoient en fosses ⁊ en

2015 1954 993 92 cist̾nes ⁊ si pristrent ses gens remistaine

2012 2022 1028 98 frere le duc huedon et oncle le duc gaifier

2018 2087 1025 98 qui de son neueu sen estoit alui fuiz ⁊ puis

2015 2155 1005 100 de lui a gaifier. pendre le fist a un gibet

2018 2226 1010 103 qnͣt il ot sa traison aꝑceue lors retour

2018 2297 1019 97 na le roy en france ⁊ departi ses oz po᷑ le

2015 2359 1013 109 temps diuer qui aprouchoit en la cite

2018 2436 1052 94 de bourges se tint et y celebra la sollẽpm

2021 2501 1028 97 te de noel. la meismes uint a liu .i. mes

2015 2563 1031 103 sage qui li nouca la mort de lapost̾. estiẽ

2021 2645 1022 106 ne. En ce meismes lieu uindrent a li les

2021 2716 1010 97 messages anurmon le roy despaigne p̃

2021 2778 1013 103 sens li aporterent de par leur seigneur qͥ

2021 2855 1058 91 li mandoit amour et aliance. ou nouuel

2024 2926 1010 97 tep̃s q̃ le roy uit la saison conuenable

2027 2994 1049 97 pour ostoier il assambla ses oz de toutes

2030 3064 1028 104 ꝑs pour mener a fin la guerre daqͥtaine

2024 3129 1055 110 droit u̾s la cite de saintes sachemina mes

2030 3203 1001 98 auãt q̃ il ꝑuenist la fu prise la mere le

2027 3268 1019 104 duc gaifier sa sereur et ses nieces ⁊ ame

2027 3339 1031 98 nees deuant le roy. en grant debonnairete

2027 3407 1043 92 les recut ⁊ ꝯmanda que elles fussẽt honno

2030 3478 1040 97 rablem̃t gardees puis mut pour passer ou

2033 3546 1004 100 tre le fleuue de gironde la li reuint aude

2033 3617 1016 94 uãt .i. chłr qui eronuq̃s auoit nõ. a li se

2036 3685 1019 100 rendi ⁊ li liura une autre sereur le duc *

2038 3752 1023 104 gaifier. puis que le roy ot ainsi faite sa

2036 3820 1043 104 uolente ꝑ toute aquitaine il retourna a

2036 3891 1060 104 un chastel qui auoit nõ cels pour celebrer

2038 3965 1047 95 la sollempnite de pasques. quant la feste

2038 4033 1011 112 fu passee il prist sa fẽme la royne berthe
