3414 5276
387 624 995 108 maintes dignes reliques et maĩs glo

390 721 991 85 rieux sains corps. quant ensemble se

390 785 976 94 furent ioins et donne beneicõ les uns

393 858 982 85 aus autres il ordenerent leur ꝓcession

390 923 991 91 ⁊ alerent chantant en lermes ⁊ en sous

387 993 982 82 pirs iusq̃s deuant le palais le roy ou

387 1061 997 85 lenfant gisoit malade. Qnͣt le ẜmõ fu

384 1125 997 88 fait au peuple et il orent rendu graces

384 1198 991 79 a nr̃e seigneur en grant effusion de ler

384 1257 1003 88 mes il mõterent ou palais pour lenfant

381 1327 1012 82 uisit̾. Lois y ouura nr̃e seigneur aꝑtem̃t

384 1395 994 96 ꝑ les m̾ites du glorieux mrͣtir mon sei

387 1456 982 100 gneur .S̾. denis. et des autres glorieꝰ mrͣ

381 1532 1003 94 tirs ⁊ ꝯfesseurs dont les .S̾. reliques es

378 1603 1018 91 toiẽt p̾sentes. Car il recouura maĩtenãt

384 1679 988 85 plaine sante a la touchement du .S̾. clo.

378 1744 1003 79 ⁊ de la sainte corone. et du braz .S̾. syme

375 1805 997 85 ou qui li furent atouchie en croiz sus le

378 1878 1009 85 uẽtre. la endroit ou la maladie le tenoit

378 1943 988 85 Et si cõme on afferme pour uoir le roy

372 2001 1021 94 pħe sõ pere qui au siege dacre estoit fu ga

372 2078 997 91 ri dautel maladie droit en ce point ⁊ en

372 2142 1000 100 celle heure meismes. Quant lenfant ot

369 2210 1018 93 les reliq̃s baisies et receue la beneicõ tou

369 2274 1009 91 tes les ꝓcessions sen retourn̾ent ⁊ se tin

366 2341 1006 103 drẽt en ordre et alerent ainsi chantant

369 2418 994 96 iusq̃s a leglise nr̃e dame. la rendirẽt a

372 2485 1009 94 dieu ⁊ a la beneoite uierge marie loẽges

369 2555 1012 88 ⁊ oblaciõ de deuote oroison. si sen retour

366 2626 1027 97 n̾ent a tant. la procession des chanoines

366 2690 1003 94 ⁊ maintes autres raconuoierẽt les reli

366 2761 1006 105 q̃s de .S̾. denis et le couuent iusq̃s tout

369 2840 1000 99 au dehors de la cite. la donnerẽt beneicõ

366 2913 1003 97 les uns aus autres si se deꝑturẽt en gnͣt

366 2978 1003 87 amour ⁊ en grant humilite. Les ꝓcessi

366 3042 977 91 ons de paris ⁊ tout le peuple de la cite

369 3112 1009 94 auoient młt grant ioie. Ainsi ꝯme il sẽ

366 3180 1003 88 retornoiẽt de ce que les reliques de .S̾. de

366 3244 1000 97 nis auoient este aportees a paris ẽ leur

366 3315 1003 93 tep̃s. Car len ne treuue pas escript que

366 3379 983 97 elles eussent onques mais este traites

363 3444 994 96 hors des portes du chastel pour nul be

366 3514 1000 88 soing ne pour nul peril. Si ne doit õ pas

366 3584 986 97 taire la grace que nr̃e seigneur fist a sõ

369 3646 974 97 peuple en celle iournee par les oroisõs

372 3716 1009 94 du cleigie ⁊ du peuple. car lair deuint pur

372 3784 997 90 ⁊ net qui lonc temps deuant auoit este

366 3851 1009 100 si destrempe q̃ de grant temps nauoit ces

366 3924 994 103 se de plouuoir sur terre .Incidẽce. En

369 3995 991 123 celle annee auint que leuesque du lie

1580 612 962 138 ge sen fui et deguerpi son siege pour la

1580 726 995 82 paour quil auoit de lempere henri qͥ auoit

1583 791 980 94 ꝯceue haine contre lui pour ce quil auoit

1577 858 1001 91 este esleu ⁊ sacre si cõme il dut selõ le droit

1577 929 974 91 du canõ sanz son assent ⁊ contre sa uolẽ

1580 990 974 94 te. le prendõme qui forment se doubta sẽ

1575 1058 976 99 fui a refuge a larceuesque de rains guilł.

1580 1134 971 85 qui le recut młt honnorablem̃t ⁊ li ame

1575 1195 976 91 nistra souffisans despens en son ꝓpre hos

1577 1266 968 88 tel. pou de iours passerent ap̾s que celui

1577 1342 980 85 emꝑere henri enuoia chłrs non mie che

1575 1406 1038 85 ualiers mais murtriers et homicides au dit

1572 1471 997 91 euesq̃ qui faignoient et faisoiẽt semblãt

1575 1547 988 97 ꝑ ꝑoles q̃ il haissent lemꝑ. pour ce ce diso

1572 1615 1006 87 ient il q̃ il les auoit desħitez a tort. le ꝓu

1569 1676 994 91 dome qui pas ni gardoit a malice ꝯme de

1572 1755 982 82 bõnaire ⁊ misericors les recut en gnͣt cha

1569 1820 968 79 rite. et les faisoit seoir a sa table cõme

1569 1881 1009 82 ses amis ⁊ ses priuez. un iour le men̾ent

1569 1949 979 82 les desloyaux pour esbanier au dehors de

1569 2013 1006 91 la cite qnͣt il furent aus champs il sache

1569 2081 973 99 rẽt les espees et occistrent le preudõme

1572 2157 973 94 puis sen fuirent ⁊ retorn̾ent a lemꝑere.

1604 2221 953 79 ¶ En celle annee mourut le conte thi

1575 2274 979 108 baut seneschal le roy de france hõs pies

1572 2359 991 94 ⁊ miẜicors. Le conte de clermont. Le con

1572 2432 985 91 te du ꝑche. Le duc de bourg̾. Et le cõte de

1572 2497 982 91 flandres. touz ceulz trespasserent de ce sie

1569 2564 991 88 cle deuant acre. et pour ce que le cõte de flã

1560 2635 1000 93 dres nauoit nul hoir. sa terre eschei au cõ

1560 2705 1000 94 te baudoin de henaut qui puis fu emꝑeur

1563 2775 988 106 de cõstantinoble. En ce temps droit ẽ la

1560 2846 991 93 uiiiͤ. kł. de septembre par le conseil larce

1566 2925 976 88 uesq̃ guilłe. la royne ade et de touz les p̾

1563 2989 1000 85 laz de france fu trait le p̾cieux corps mõẜ

1575 3048 956 102 S̾. denis hors de la ou il repose enclos et

1563 3112 971 94 seele en riches uaissiaus de leutre et fu

1557 3189 988 96 mis sus lautel li et ses compaignõs et

1557 3259 982 85 plusẜ̾ des glorieux corps .S̾. qui laiẽz re

1557 3326 1000 88 posẽt. La raison pour quoy il furẽt hors

1557 3391 982 88 traiz fu pour ce que len uouloit q̃ les pe

1557 3455 1000 103 lerĩs ⁊ le peuple qui la uenroiẽt ⁊ uerro

1557 3520 994 99 ient p̾sentem̃t le glorieux mrͣtir ⁊ la .S̾.

1557 3599 991 91 cong̾gation fussent plus esmeuz ⁊ plus

1554 3663 994 94 deuoz a prier dieu ⁊ la benoite uierge et

1551 3728 997 94 les glorieux martirs pour la deliurance

1551 3801 997 97 de la terre sainte. pour le roy ⁊ po᷑ toute

1554 3869 985 90 sa ꝯpaignie que il par sa misicorde li

1554 3936 974 91 donnast force et uictore contre les ane

1554 4000 994 141 mis de la foy de la troiz. Ala feste .S̾. de
