3279 5237
203 653 1082 118 a lesgart de prendeshõmes qui seront nõmez

203 738 1042 97 dune part et dautre. Et de ce que il doura a

209 800 1047 101 nous et a noz hoirs en fiez et en demaines

209 875 1044 93 nous et nos hoirs li ferons hõmage lige

209 939 1021 96 et a ses hoirs Roys de france. et aussi de

206 1000 1027 108 bordiaux de Baionne et de gascoingne

209 1073 1027 96 et de toute la terre que nous tenons de

206 1137 1047 99 la la mer dangleterre en fiez ⁊ en demaĩ

206 1216 1036 87 nes et des illes saucunes en y a que nous

209 1280 1007 90 tiengnons qui soient du Royaume de

209 1335 1056 105 france et tendrons de lui cõme per de frã

209 1416 1024 82 ce et dux de aquitaine. Et de toutes ces

209 1475 1050 99 choses deuant dites li ferons noꝰ seruises

209 1550 1076 88 auenables iusques a tant que il fust trouue

206 1617 1033 96 quiex seruises les choses deuroient ⁊ lors

212 1678 1047 96 nous serions tenuz de faire les telz cõme il

209 1751 1027 96 seroient trouuez de lõmage de la conte de

212 1818 1044 90 Bigorre de Armeignac et de foiensac soit

218 1882 1024 93 ce que droit en sera. Et li Roys de france

215 1952 1024 99 nous claime quicte se nous ou nr̃e an

218 2013 1059 99 cesseur li feismes onques tort de tenir son

218 2086 1041 104 fye sanz li faire hõmage ⁊ sanz li rendre

218 2155 1044 85 son seruise et tous arrerages. Derechief

218 2222 1035 88 li Roys de france nous donra ce que cinq

218 2289 1059 79 cenz chłrs deuroient couster raisonnable

218 2342 1073 113 ment a tenir deux ans a lesgart de preudeᷤ

218 2426 1024 93 hõmes qui seront nõmez dune part et

218 2496 1015 90 dautre. et ces deniers sera tenuz a paier

224 2563 1018 87 a paris au temple a six paies par deux

226 2633 1036 75 ans. Cest assauoir ala quinzaine de la

226 2682 1045 108 chandeleur qui uient prochainement la

226 2763 1036 99 premiere paie. cest adire la sizieme ꝑtie

229 2827 1048 96 Et a la quinzaine de lascension ensuiãt

224 2897 1035 90 lautre partie. et a la quinzaine de la *

226 2955 1091 105 toussains lautre. et ainsi des autres paieᷤ

229 3031 1042 96 en lan ensuyuant. et de ce doura li roys

224 3098 1061 90 de france le temple ou lospital ou ambe

224 3174 1032 87 deux ensemble en plege. Et nous ne

224 3238 1059 87 deuons ces deniers despendre fors que ou

229 3302 1033 90 seruise dien ⁊ de leglise ou au proffit du

232 3369 1007 81 royaume dangleterre. Et se par la ueue

232 3430 1056 99 des preudeshõmes de la terre esleus par le

235 3505 1027 91 Roy dangleterre et par les haulz hõmes

238 3572 1042 82 de la terre et par ceste paix faisant auõs

241 3630 1042 88 quicte ⁊ quictons du tout en tout nous

244 3700 1021 82 et nostre dui fil au Roy de france ⁊ a ses

244 3756 1027 101 ancesseurs et a ses hoirs ⁊ a ses succesẜs

244 3820 1030 101 et a ses freres et a leurs hoirs et a leurs

247 3898 1041 87 successeurs pour nous ⁊ pour noz hoirs

250 3965 1038 101 et pour noz successeurs se noꝰ on nostre

1419 662 1030 84 ancesseur aucune droiture. auons ou

1422 709 1021 102 ensmes onques en choses que li Roys

1416 788 1036 90 de france tiengne ou tenist onques ou

1419 855 1030 93 si ancesseur on si frere. Cest assauoir

1422 928 1065 90 en la duchee et en toute la terre de nor

1425 986 1039 105 mandie. en la Conte ⁊ en toute la terre

1422 1059 1016 101 daniou de Touraine ⁊ du Mainne. et

1425 1125 1027 105 en la conte et en toute la terre de poitiers

1428 1198 1050 93 on aillieurs en ancune partie du Royau

1428 1268 1033 93 me de france ou es illes se aucunes en

1428 1338 1045 90 tient li roys de france ou si frere ou au

1428 1405 1027 93 tres de par euls et tous arrerages. Et

1431 1472 1030 99 aussi auons quicte et quictons nous ⁊

1431 1542 1004 87 nostre duy fil a tous ceulz qui depar le

1431 1606 1007 93 Roy de france on depar ses ancesseurs

1431 1661 1018 105 on de ses freres tiennent aucune chose

1434 1742 1009 96 par don ou par eschange on par uente

1431 1798 1059 98 ou par achat on par ascensement ou en

1431 1870 1050 90 autre semblable maniere en la duchee

1434 1934 1039 96 et en toute la terre de normandie. En

1428 1998 1030 102 la Conte ⁊ en toute la terre daniou de

1428 2068 1071 96 Touraine et du Mainne. Et en la conte

1434 2141 1041 96 et en toute la terre de poitiers ou ail

1434 2214 1047 90 lieurs en aucune partie du Royaume

1434 2275 1018 93 de france ou es isles dessus dites sauf

1437 2345 1044 96 a nous ⁊ a noz hoirs nostre droiture es

1440 2406 1056 101 terres dont nous deuons faire hõmage

1437 2487 1021 90 lige au Roy de france par ceste paix si

1437 2551 1053 96 cõme il est dessus deuise. Et sauf ce que

1437 2615 1062 99 nous puissions demander nr̃e droitu

1440 2688 1067 87 re se nous la cindons auoir en agenoiz

1443 2755 1050 87 et auoir la se la court le Roy de france

1437 2813 1065 105 le iuge et aussi de Caoursin. Et auõs

1440 2886 1027 101 pardonne et quicte li uns a lautre et

1440 2955 1067 97 pardonnons et quictons tous malta

1440 3022 1027 102 lenz de contanz et de guerres et touz

1440 3084 1076 98 arrerages. et toutes issues qui ont es

1443 3159 1035 96 te eues ou qui porent estre eues en

1443 3229 1035 93 toutes les choses deuant dites et touz

1440 3284 1038 99 domages et toutes mises qui ont este

1446 3354 1056 99 fait ou faites de ca ou de la en guerres

1448 3424 1071 90 on en autres manieres. Et pour ce que

1448 3494 1039 96 ceste paix fermement et establement

1451 3558 1071 93 sanz nulle enfraingnance soit tenue

1451 3630 1022 85 a tousiours li Roys de france a fait

1454 3686 1056 90 iurer en same par ses procureurs es

1454 3756 1019 104 peciaulx a ce establiz et si dui fil ont

1454 3820 1033 93 iure ces choses atenir tant comme a

1454 3895 1048 96 chascun appartendra. et a ce tenir ont

1457 3959 1042 101 obligie eulz et leurs hoirs par leurs
