3268 5259
190 660 1064 96 saint denys. Et apres le corps alerent toꝰ

195 724 1059 91 iours apie les diz duc de Bourbon le patriar

192 788 1053 91 che et autres seigneurs du lignage du Roy

190 853 1037 96 et moult grant compaignie tant des offi

187 932 1040 96 ciers du roy cõme dautres. et grant ꝙͣtite

195 999 1047 84 des ordres de paris ¶ Et encontre le corps

184 1066 1052 88 uindrent a processioit labbe et les religieux

187 1133 1031 88 de saint denys iusques oultre la place du

195 1194 1047 91 landit. Et quant le corps fu ou cuer de la

187 1270 1052 85 dicte eglise de saint denis dessoubz une bele

187 1335 1031 99 chappelle de bois len commenca le seruise

181 1399 1037 99 de mors. et y furent prelaz reuestus en la

187 1472 1061 91 maniere quilz auoient este en leglise de par̃.

190 1554 1034 87 Et les deux euesques de laon et de Beau

187 1615 1034 91 uais qui tenoient cuer. et larceuesque de

187 1679 1040 91 Reims faisoit le seruise. Et la auoit młt

192 1753 1041 99 grant luminaire sur la dicte chapelle et en

184 1820 1058 90 uiron le cuer de leglise de grant ꝙͣtite de cier

187 1884 1052 99 ges cõme de quatre cens torches toutes nou

184 1957 1034 91 uelles et .xiii. grosses torches que les .xiii.

172 2033 1067 79 uarlez de chambre tenoient enuiron le corps

181 2086 1104 99 Et furent aus dites uigiles tous les seigneurᷤ

184 2167 1072 106 et dames dont dessus est faitte mencion. Cõ.

184 2226 1049 114 ment le corps de la royne fu enterre a saint

195 2305 1023 102 denis. et son cuer aus cordeliers de paris.

418 2372 777 99 E mardy ensinuant .xuiͤ. iour

418 2445 789 93 du dit mois de feurier fu la messe

423 2500 781 100 dicte a saint denis par larceues q̃

172 2573 1061 88 de Reims. et fu diacre et dist leuangile leues

181 2647 1055 87 que de uoyon. et leuesque de lisieux fu souz

175 2708 1055 105 diacre et dist lepistre. Et furent tant arce

178 2793 1064 87 uesques cõme euesques et abbez .xix. crosses.

175 2851 1052 82 Et apres la messe dicte le corps fu enterre en

175 2915 1032 91 une chappelle de la dicte eglise de saint denis

178 2983 1017 96 qui est au coste destre au grant autel pres

175 3050 1026 93 de la porte par la quelle leu entre on cloistre

175 3132 1020 90 empres les degrez par les quelz ou monte

175 3199 1020 105 aus corps sains. la quelle chapelle le dit

188 3256 1005 109 Roy charles auoit fondee ¶ Le merq̃di

181 3342 1035 96 ensuiuant .xuiiͤ. iour du dit mois apres

172 3403 1011 108 disner furent uigiles dites en leglise des

178 3485 1038 99 freres meneurs aparis. et la furent la roy

178 3555 1029 82 ne blanche. la contesse dartois. la duchesse

172 3622 1020 94 dorliens et pluseurs autres grans dames

181 3704 1043 79 et aussi les prelas qui auoient este a saint de

181 3757 1020 102 nis. le duc de Bourbon. monẜ phelippe da

175 3827 1013 89 lencon patriarche de iherusalem et grant

171 3874 987 114 foison dautres grans seigneurs ¶ Le

178 3961 1052 97 ieudy au matin ensuiuant fu la messe dite.

178 4031 1029 109 et apres la messe fu le cuer de la dite royne

1408 663 1044 84 enterre deuant le grant autel de leglise des

1408 727 1072 102 diz freres meneurs ala destre partie. Cõmẽt

1425 797 1068 92 les entrailles de la dicte Royne furent enter

1417 861 1070 91 rees solempnelment en leglise des celestins.

1650 929 810 85 E uendredy ensuiuant apres dis

1642 999 807 90 ner furent tous les seigneurs et

1648 1075 792 87 dames dessus diz aus celestins de

1403 1142 1043 85 paris. et la en leglise furent dites uigilles

1408 1215 1073 88 et le samedi ensuyuant la messe. et apres la

1420 1285 1050 82 messe furent les entrailles enterrees deuãt

1411 1349 1088 91 le grant autel de la dicte eglise. Et tant aus

1411 1419 1059 76 diz freres meneurs quant le cuer su enterre

1411 1490 1070 93 cõme aus celestins a la messe et aus uigilles

1408 1554 1059 93 ot tresgrant liuuinaire tant de torches cõe

1406 1621 1102 99 de cierges aliuuez sur chascune des chapelleᷤ

1406 1688 1055 94 de bois estans ou milieu du cuer tant de lu

1408 1764 1041 85 ne des dictes eglises comme de lautre. et

1411 1831 1073 100 moult beaux draps dor sur les sepultures

1408 1904 1050 100 tant du dit cuer cõme des entrailles. Et

1408 1975 1050 93 a chascun des diz trois enterrages qui fu

1411 2048 1050 93 rent fais furent. donnes atoutes ꝑsõnes

1423 2112 1044 88 qui y uouldrent aler achascune personne

1414 2179 1073 105 a chascuue fois quatre deuiers par de bone

1423 2255 1070 94 monnoie courant lors. Ou trespassement

1423 2319 1058 94 de madame ysabel fille du . Roy et de son en

1645 2387 798 93 E mardi ensiuant terrement.

1645 2460 822 76 qui fu le .xxiii.ͤ iour du dit mois

1646 2530 828 86 de feurier en lostel du Roy empres

1403 2596 1040 83 saint pol a paris trespassa madame ysabel

1400 2658 1034 91 fille des diz Roy et Royne. et le Ieudi enẜ

1397 2725 1043 109 fu enterree en leglise de saint denys en la

1400 2798 1043 100 chappelle ou la royne auoit este enterree.

1408 2863 1050 96 Cõment les messages cõmis a traictier de

1408 2915 1123 120 la paix du. Roy de france ⁊de cil dãgł reꝯm̃ciert̃

1622 2994 877 105 N i celui mois de feurier se remistrẽt

1622 3076 821 91 sur les traictiez entre les Roys de

1616 3149 845 88 france et dangleterre par le moien

1394 3207 1096 97 des deux arceuesques de Rouen et de rauenne

1388 3286 1049 82 messages du pape. et enuoierent les diz

1403 3354 1087 99 roys leur messages a bruges pour traictier

1406 3430 1066 90 de la paix entre les diz Roy Du trespassemẽt

1387 3495 1078 97 e pͣpe gregore .xiͤ. et de la fouldre qui chey.

1614 3562 816 106 E samedy au soir .xxuiiͤ. iour du

1607 3637 810 91 mois de mars ensuiuant. Pape

1609 3721 829 78 gregoire qui estoit alez a rome si

1388 3771 1070 88 comme dessus est escript trespassa de ce siecle

1403 3839 1069 99 en la dicte cite de rõme ou palais saint pierre.

1408 3900 1039 109 ¶ Et le mardy .uiͤ. iour du mois dauril

1391 3982 1035 84 ensuiuant. MilCCClxxuii. auant pasques.

1391 4040 1032 115 Car pasques ensuiuant furent le .xuiiiͤ.
