3386 5338
777 685 1113 112 raisonnables par sa Iusridicion temꝑelle

777 779 1098 89 et non autrement afin que les dites uil

771 848 1110 103 les chasteaux chastellenies appartenan

768 922 1119 89 ces et appendances dessus dites lui feussẽt

771 996 1110 86 rendues. Et y celles rendues le roy sera

768 1064 1119 95 tenuz de tantost oster et mectre au nient

771 1123 1104 98 les arrestz et saisines ⁊ tous empeschem̃s

771 1198 1113 86 mis aus terres biens et possessions desus

768 1260 1104 107 dites sanz nul contredit. Et en baillera

762 1328 1107 95 le dit conte ses lectres. Et en oultre bail

762 1402 1092 80 lera le roy au dit conte de flandres po᷑

768 1470 1092 95 pluseurs grans sõmes dargent en quoy

768 1542 1083 94 il est tenuz a luy pour les demandes desẜ

765 1598 1113 98 dites deux cens mille demers dor frans de

765 1669 1074 98 france des quelx le Roy lui paiera .CM.

762 1749 1116 101 frans huit iours auant le dit mariage

771 1820 1074 98 Et les autres cent mile frans lui fera

765 1894 1110 92 le noy paier et deliurer en sa uille de Bru

768 1966 1107 83 ges dedenz deux ans apres le dit maria

771 2040 1077 89 ge. fait a quatre termes et par .iiii. foiz

771 2102 1092 98 Cest assauoir .xx.ͧ mile frans en la fin

765 2170 1101 101 de demy an apres le dit mariage. Et a

765 2244 1080 95 pres de demy an en demy an achascun

768 2316 1074 80 terme .xxu. Mile et de ce lui doura le

768 2375 1092 101 roy ses lectres obligatoires ⁊ bons plaig̃

765 2443 1095 104 et souffisans agreables au dit Conte

756 2511 1101 104 de flandres qui de ce sobligeront bien ⁊

759 2594 1104 83 souffisamment en lectres. en leurs ꝓpres

762 2660 1119 86 et priuez noms et chascuns pour le tout

759 2725 1125 86 enuers le dit Conte de flandres saucune

759 2799 1092 89 deffaute auoit ou paiement des diz .CM.

762 2870 1104 83 frans aus termes dessus declarez. Et de

765 2944 1125 80 ce donront bonnes lr̃es ⁊ souffisans teles

762 3010 1116 89 qui souffisent au dit monẜ de flandres

765 3066 1116 95 Et parmi baillant royalment ⁊ de fait

768 3140 1098 92 an dit conte de flandres les dites uilles

762 3211 1128 92 chasteaux chastellenies appartenances

762 3273 1098 95 et appendances et la possession paisible

762 3351 1116 86 dicelles cõme dessus est dit Le roy ⁊ ses

759 3419 1110 98 successeurs Roys de france et autres po᷑

765 3499 1113 86 ce obligiez sont et seront quictes enuers

762 3558 1095 98 lui et ses hoirs et successeurs des .xM.

762 3635 1104 92 liurees de terre dessus dites. Et aussi ꝑ

762 3689 1134 115 luy paiant cõme dit est les deux cens ͫ

762 3781 1113 92 fraus sera le Roy quicte enuers lui et

765 3849 1101 80 ses diz successeurs de tous les arrerages

765 3911 1122 83 dicelles .xm. liures de Rente et des dessus

768 3976 1125 89 diz .CM. escuz pour les gens darmes q̃ il

765 4045 1092 88 tint a Graueninghes et pour le restor

760 4105 1130 98 de sa dite monnoie de Clamecy. Et sera

2038 716 974 126 tenuz le dit monẜ de flandres rendre

2041 791 947 104 au Roy toutes lectres quil a sur ces

2038 857 971 127 choses du Roy Iehan pere du Roy a

2038 937 982 112 present et de lui ou dautres pour ce

2038 993 968 125 obligiez. Et desmaintenant ueult

2038 1064 953 104 que elles soient nulles et iamais

2038 1132 977 122 nen pourront le dit Conte ne ses suc

2044 1201 944 106 cesseurs aucune chose demander au

2038 1275 962 103 Roy ne a ses successeurs ou autres

2038 1337 988 125 pour ce obligiez cõme dit est. Et auec

2041 1417 938 107 ce promectra le roy au dit monẜ

2038 1473 968 116 de flandres que la possession des dites

2038 1548 982 103 uilles chasteaux chastellenies apparte

2038 1622 950 95 nances et appendances quelconques

2035 1684 988 104 de lille douay et dorchies il lui fera bail

2032 1758 977 110 lier et deliurer Roy alment et de fait ⁊

2032 1835 959 92 lui paier plainement les premiers

2035 1903 974 98 cent mile frans dessus diz auant que

2035 1963 974 98 le mariage se face en sainte eglise. Et

2038 2037 953 98 ycelui mariage fait en sainte eglise

2038 2096 962 113 cõme dit est la dite duchesse de Bour

2041 2164 962 116 goingne demourra ou pays de flanđ

2041 2253 938 95 par un au apres le dit mariage fait

2044 2322 953 77 ou par tant de temps dicelui an cõme

2044 2375 965 101 il plaira au dit monẜ de flandres. Et

2044 2446 959 104 uoudra et consentira le Roy pour lui

2044 2517 959 89 ses hoirs et successeurs Roys de france

2044 2588 941 89 que toutes lettres et mimuiniens que

2041 2660 956 92 il a on puet auoir ou autres dep luy

2035 2731 932 80 du dit monẜ de flandres ou de ses

2038 2784 959 98 predecesseurs ou dit pays de flandres

2035 2867 956 95 touchans en quel que maniere que

2035 2927 977 91 ce puist estre le transport fait par le

2032 2998 959 95 dit conte ou ses predecesseurs aus p̾

2038 3069 971 92 decesseurs du roy des diz chasteaux

2038 3134 968 101 uilles et chastellenies de lille de douay

2041 3202 965 98 dorchies et des appartenances et appẽ

2041 3276 965 107 dances diceuls quelzconques soient

2044 3348 956 95 nulles et de mille ualeur. et desmaĩ

2044 3419 956 89 tenant les ãnullera et cassera et cog

2047 3487 926 92 noistra et uouldra estre de nul effect

2041 3534 959 125 force ou uertu soubz quelconques te

2044 3612 938 115 neur que elles soient en tant cõme

2041 3674 974 121 elles pueent ou pourront estre ou tep̃s

2047 3751 962 107 a uenir contraires ou preiudiciables

2047 3819 944 119 aus choses dessus dites ou aucune di

2047 3884 944 122 celles. Et que dicelles le Roy ne ses

2047 3950 935 109 successeurs ne autres pour lui ou

2050 4021 932 115 pour ses diz hoirs et successeurs ne

2047 4080 947 119 se pourra aidier par quel q̃ maniere
