3306 5259
228 699 1037 75 Et apres ce uint deuers le roy de nauarre .i.

225 762 1067 94 docteur qui estoit des diz messages et qui młt

222 841 1040 85 uouloit parler au dit roy de nauarre et lui

225 902 1031 88 presenta le dit docteur unes autres lectres

222 978 1061 97 bien amiables de par monẜ daniou escͥptes

222 1040 1043 93 de sa main. et li dist que il uousist estre ami

219 1110 1052 84 de monẜ et il seroit le sien. et se uoulsist char

225 1174 1055 102 gier de son fait. Et apres ce que le dit docteur

222 1241 1055 100 sen fu parti le dit roy de nauarre dist ces choses

225 1305 1031 88 an dit Iaquet et li dist oultre que il sauoit

219 1370 1061 108 bien que ce nestoient que paroles pour lui de

222 1440 1052 96 ceuoir et li uouloit baillier du tour du bastõ

219 1507 1070 105 car il sauoit bien que il estoit lõme du mon

213 1583 1043 85 de que monẜ daniou haioit plus. et q̃ puis

222 1647 1049 91 quil uouloit faindre estre son ami il se fain

216 1726 1093 94 droit aussi et lui douroit un tour du baston

216 1788 1052 111 cõme il lui uouloit baillier car il se charge

219 1861 1040 99 roit de son fait et soubz umbre ⁊ couleur de

225 1928 1029 93 faire la besoigne de monẜ daniou il feroit

222 1998 1023 79 son traictie auecques le roy darragon. Et

219 2053 1108 103 entendoit par les paroles du dit roy de nauar

219 2135 1046 94 re que cestoit pour faire aliances contre le

210 2214 1026 78 roy despaigne. ¶ Et Ie Iaquet de Rue

219 2264 1058 120 dessus nomme confesse et Iure sur les saintes

219 2351 1046 82 enuangiles de dieu par moy touchees ⁊ sur

222 2413 1020 96 le peril de la dampnacion de lame de moy

222 2474 1020 97 que les choses dessus escriptes en ces trois

219 2553 1046 96 rooles de parchemin les quelles apres ce q̃

222 2620 1072 100 ie les ay confessees sanz force et sanz contraĩ

219 2685 1058 90 te ont este ainsi escriptes et mont este leues

225 2749 1058 108 par pluseurs iournees et par pluseurs in

219 2819 1032 96 teruales et ie meismes les ay leues sont

219 2901 1061 93 uraies par la maniere que dessus sont escͥp

233 2968 1000 90 tes. Et en tesmoing de ce iay ce escript de

216 3021 1043 116 ma main le premier iour dauril lan Mil

228 3099 1028 103 CCC.lxxuii. auant pasques. Iaque de Rue

222 3164 1043 99 Comment mesẜ. Charles ainsne filz du

222 3251 1017 85 Roy de nauarre uint a sauf conduit a

228 3310 1023 99 Senliz pour ueoir le Roy de france son

578 3371 702 120 N ce temps cest as ¶ oncle.

572 3462 693 87 sauoir ou karesme .M.CCC.

581 3526 693 99 .lxxuii. Messire Charles ains

578 3593 664 79 ne filz du roy de nauarre

584 3657 655 103 qui de nouuel estoit uenu de

225 3733 1023 91 nauarre en france et estoit en normandie.

225 3804 1029 99 enuoia deuers le Roy et li fist sauoir quil

228 3871 1014 90 uenroit uolentiers par deuers li pour le ue

225 3944 1031 90 oir et li faire la reuerence. mais q̃ il pleust

228 4014 1046 93 au Roy de li enuoier un sauf conduit tãt

233 4078 1029 120 pour li cõme pour ceulz qui seroient en sa

1446 712 1108 100 compaignie. la quele chose le roy li ottroya

1452 780 1061 96 et ainsi le fist. Et uint le dit messire Charł

1461 850 1052 93 a Senlis la ou le roy estoit. et amena en *

1452 914 1070 88 sa compaignie messire Iehan bauffe euesque

1449 984 1076 102 daics. le prieur de pampelune. Messire ligier

1449 1045 1070 106 dorgecis. Messire baudoin de beaulo. ferran

1449 1113 1064 111 do dayens. et pluẜ autres tant chłrs comme

1452 1183 1035 108 escuiers. ¶ Et apres ce que le dit messire

1452 1247 1073 111 Charles ot este auec le uoy par aucun tẽps

1452 1320 1047 91 il li fist requeste de la deliurance du dit Iaq̃

1449 1384 1070 97 de Rue le quel estoit parti de nauarre en la cõ

1449 1460 1059 88 paignie dicelui messire charles. et auoit este

1449 1530 1032 79 pris cõme dessus est escript. et ia auoit fc̃e

1449 1595 1061 87 la confession dessus escripte. Au quel mesẜ

1452 1665 1056 99 Charles apies aucunes paroles le roy fist

1446 1720 1088 114 dire et monstrer par aucun de ses conseilłrs

1446 1793 1070 111 les deffautes mauuaistiez et trahisons q̃

1452 1872 1056 85 ie dit Roy de nauarre auoit faites ꝓcurees

1449 1939 1047 97 #et machinees tant contre le roy iehan cõe

1449 2001 1053 99 contre le roy charles son filz regnant a p̾

1446 2074 1053 88 sent. Et depuis le Roy en sa presence et de

1449 2141 1061 94 pluseurs de son lignage et autres de son cõ

1449 2214 1076 94 seil fist ces choses dire au dit mesẜ charles

1449 2290 1070 97 en la presence de ceulz qui estoient uenuz en

1446 2357 1053 100 sa compaignie. et leur fist dire la confes

1446 2430 1026 82 sion que auoit faite le dit Iaque de Rue.

1449 2500 1050 76 et que lentencion du Roy estoit dauoir les

1446 2562 1059 87 les forteresces qui depar le dit roy de Na

1444 2623 1052 94 uarre estoient tenues en normandie. et q̃

1446 2705 1067 85 gens y fussent mis depar le Roy qui loyal

1444 2775 1049 82 ment les garderoient a la seurte du Roy ⁊

1444 2839 1026 97 du Royaume. Et pource que la estoient

1444 2909 1040 82 presens pluseurs et la plusgrant ꝑtie en

1444 2971 1055 102 la compaignie du dit messire charles de ceꝰ

1441 3047 1017 90 qui auoient la garde des dc̃es forteresces.

1438 3111 1043 91 le Roy ordena et requist que le dit messire

1438 3181 1037 88 charles premierement et les capitaines

1438 3243 1052 102 des dc̃es forteresces qui la estoient presens

1435 3319 1111 99 iurassent sur les saintes euangiles de dieu

1438 3394 1067 97 et par les foyz de leurs corps que tantost

1441 3468 1034 90 et sans delay ilz deliuerroient et feroient

1438 3526 1034 102 deliurer par ceulz qui dedens estoient les

1438 3593 1037 91 dc̃es forteresces et chascune dicelles au *

1432 3666 1052 97 duc de bourgoingne frere du Roy. le quel

1435 3739 1014 97 le Roy enuoieroit en normandie pour

1432 3806 1014 103 celle cause tantost que le dit duc ou ses

1435 3885 1058 97 messages seroient deuant les dc̃es forte

1441 3950 1014 90 resces. ¶ Et pource que le dit ferrando

1432 4026 1043 93 dayens auoit la plusgrant partie de tou

1432 4087 1049 107 tes les dc̃es forteresces en son gouuerne
