3268 5259
167 715 1060 85 quil estoit pelerin lui enuoioit le Roy des

175 788 1031 78 coquilles ¶ Et encores lui presenta .i.

169 853 1023 90 tres bes grant hanap dor assis sur un

172 917 1032 85 trepie garni de perrerie. Et aussi un go

163 987 1035 76 belet et aigniere dor garni aussi de perie

157 1054 1031 76 et esmaillie tres noblement ¶ Item

160 1116 1044 90 lui presenta deux poz dor ouurez a testes

179 1187 1027 83 de lyons ¶ Et a son filz furent presen

160 1253 1015 79 tez un grant gobelet dor et aiguiere de

160 1311 1020 85 mesmes. deux grans poz dor ou estoiẽt

157 1381 1038 97 os fretelez saphirs et perles. Et oultre

157 1457 1047 88 ce lui fu presente une tres riche sainture

152 1513 1046 90 dor tout au lonc garnie tres richement

149 1592 1040 93 de perrerie la quelle ualoit bien de.ui. a

146 1656 1008 94 .uiii. Mile frans dor de quoy lempereur

154 1715 1053 93 mercia grandement le roy et aussi fist

152 1782 1043 108 son filz. Et apres uint lempereur en la

149 1855 1034 90 lee deuant sa chamibre ou tous ses prin

154 1925 1038 88 ces euesque, chaucellier cheualiers ⁊ au

149 1992 1037 99 tres gens qui estoient uenuz auecques

146 2062 1034 94 lui estoient, et uit les dons que on leur

143 2124 1061 93 faisoit et y estoit present les quelz furẽt

146 2194 1049 90 grans et honorables cõme plus aplain

143 2270 1037 81 puet apparoir en un rolle sur ce fait ou

143 2325 1043 97 quel ilz sont plainement et particulie

143 2395 1040 100 rement declairiez. mais len sen passe ci

143 2462 1040 91 endroit pour cause de briefte. Et bien

137 2530 1055 84 sembla a tous et ainsi le monstrerent

143 2603 1043 87 que ilz se tenoient grandement satiffaiz

137 2667 1041 93 et contens du Roy. Cõment lempereur

140 2728 1038 97 au retour de saint mor a beaute mercia

137 2796 1061 102 le Roy des riches presenz quil auoit en

146 2871 1043 91 uoiez alui et a son filz le roy des romaĩs

377 2939 795 102 E uendredi ¶ et aleurs gens.

380 3012 786 79 ensuyuant .xu ͤ. iour du dit

371 3070 809 88 mois de Ianuier qui estoit le

134 3140 1049 85 iour de la feste saint mor ala lempereur

149 3210 1026 79 a saint mor en pelerinage. Et chanta

140 3278 1056 78 leuesque de paris in pontificalibus la

140 3335 1047 92 messe deuant lui. Et combien que sõ

140 3400 1035 82 disner feust prest depar le Roy en la dite

143 3468 1035 87 abbaye pour lui uoult il reuenir disner

140 3532 1023 99 a beaute. et apres disner le Roy le uint

143 3593 1002 91 ueoir. Et moult fort mercia le Roy

140 3657 1029 106 des dons quil auoit fait alui a son filz

137 3730 1023 100 le Roy des romains et ases gens en

134 3795 1032 90 luy disant que trop en auoit fait. Et

134 3865 1041 96 apres ce lempereur et le. Roy se retrai

137 3932 1046 96 rent en une garde robe empres sa cham

137 3996 1011 109 bre et firent tout widier et parlerent

1382 712 1099 85 longuement ensemble iusques bien sus

1382 788 1088 97 le tart. Et lors se parti le Roy et lemꝑeur

1382 850 1079 96 le conuoia iusques au dehors de la dicte

1385 923 1026 99 chambre et sen uint au giste au bois

1390 999 1070 74 ¶ Le samedy .xuiͤ. iour de Ianuier dis

1385 1051 1032 105 na le Roy plus matin quil nauoit a

1379 1121 1055 91 constume et lempereur encore plus ma

1379 1194 1070 97 tin. et apres dormy lempereur et le. Roy

1379 1259 1091 90 se parti de son chastel du bois acompaignie

1376 1326 1023 93 de grant foison de seigneurs prelas et

1379 1396 1093 82 cheualiers pour conuoier lempereur. car

1373 1460 1082 103 ainsi le uoult il faire et uint si apoint a

1373 1525 1076 102 lostel de beaute sur marne que lemꝑeur

1376 1595 1102 102 estoit leue et prest de partir et soy mectre

1376 1662 1076 105 a chenim. Des aneaulx que le. Roy et

1376 1741 1076 90 lempereur sentredonnerent. et cõment

1370 1802 1094 102 lempereur et le. Roy pristrent congie lun

1373 1872 1053 94 de lautre annablement et piteusement

1376 1931 1070 96 Et de ceuls qui conuoierent le dit empeur.

1680 3146 781 102 Nant le. Roy fu en la cham

1698 3228 748 79 bre du dit empereur qui lac

1692 3292 722 85 tendoit lempereur uint a

1692 3351 719 90 lui et prist en son doy et li

1692 3415 745 88 donna un auel ou il auoit

1341 3479 1076 97 un Ruby et un autre anel ou il auoit

1353 3543 1073 88 uu dyamant et les donna au .Roy par

1350 3614 1070 96 beles paroles en tresgrant amistie. Et

1350 3681 1055 79 le Roy tantost prist un tres riche dya

1350 3748 1052 79 mant gros quil auoit en son doy et le

1344 3818 1082 84 donna par pareille maniere alemꝑeur.

1347 3882 1082 82 Et la deuant tous sentreacolerent ⁊ bai

1345 3946 1108 80 sierent. et se partirent tantost ⁊ uindrẽt

1335 4008 1129 108 ensemble en la court le. Roy pour mõter
