3348 5244
396 652 985 120 auoient iadis fait ⁊ dist a lui ⁊ a sõ ꝑe

396 742 982 91 et pour ce disoit quil fust du tout hors de

393 812 1002 91 la somppecon que plus grans domages ne

390 879 979 91 len auenist. ce fust le meilleur ꝯseil que

387 946 988 91 lenfant Ri. eust les iarez cuiz et quil fust

393 1013 991 88 garde en prison a touz iours. et q̃ les nor

393 1077 991 88 nrẽs fussent si formĩt contrainz ⁊ agregiez

393 1144 991 94 de toultes ⁊ de tailles quil leur ꝯuenist par

387 1214 982 97 force widier le pays de france ⁊ retourner

390 1284 988 82 en leur pays. le roy qui fu auugle par les

393 1348 985 91 dõs du traitre et par ses mauuaises ꝑoles

390 1418 991 88 lassoult ⁊ deliura du crime dont il deust es

393 1485 985 94 tre pendu ⁊ retourna son mautalẽt sur lẽ

390 1558 976 90 fent qui riens nauoit meffait a lexẽple

390 1625 996 90 de pylate qui barrabã le barron laissa aler

393 1695 979 87 ⁊ ihũcrist ꝯdampna a mort. Lors que ce

393 1762 991 87 fu fait estoit le roy a loon. et qnͣt lenfant

387 1826 970 88 fu uenu de giber et de iouer le roy le prist

390 1887 994 96 form̃t a ledenger et lappella filz de putain.

393 1960 982 93 ap̾s le menaca que se il ne se chastioit il

393 2033 988 84 li feroit cuire les iares et losteroit de toute

393 2094 985 91 honneur. apres ꝯmanda quil fust si bien

393 2155 1005 94 garde quil ne peust eschaper.¶ Quant o

387 2225 985 96 monz le maistre a lenfant õt oies les du

390 2292 999 96 res ꝑoles ⁊ la cruel sentẽce du roy il pensa

390 2362 1011 91 bñ a son cuer ce qui apres en pooit a uenir

390 2423 994 102 młt fu dolenz et tantost manda aus nor

390 2508 976 90 m̃s ꝑ .i. message que le roy auoit leur sei

393 2572 979 90 gueur en destroite prison. qnͣt il oyrẽt ce

390 2636 999 93 si firent crier et ꝯmander ꝑ toute norm̃ die

396 2715 990 84 q̃ chascun ieunast .iii. iours et que .S̾. egli

390 2779 994 87 se feist ꝯtinuel oroison a dieu quil le᷑ sau

390 2846 999 90 uast leur seigneur. Tandis plerent ensẽ

387 2913 991 99 ble Omonz le maistre de lenfant et yuõs

387 2980 985 87 le pere guilłe de beleme ⁊ conseillierẽt a lẽ

390 3044 991 90 fant Ri. quil se couchast en sou lit aussi ꝯ

387 3117 973 96 me se il fust form̃t malade ⁊ si durem̃t q̃

384 3187 1000 87 len cuidast quil deust mourir. Lenfant qui

384 3251 970 84 fu sage le fist ainsi et fainst quil fust si

387 3312 994 96 malades ꝯme iusques ala mort. Les grͣ

384 3379 1005 99 des qui ce uirent ne firent pas grant force

384 3449 997 99 en li garder. ains sen alerent lun ca lau

387 3510 979 105 tre la on il auoient a faire. si auint aĩsi

387 3586 1005 99 q̃ en mi la maisõ ou lenfant gisoit auoit

390 3650 962 93 i. fessel derbe. et omonz prist lenfãt et le

390 3720 994 99 lia dedenz et puis le troussa sur sõ col aus

390 3784 970 102 si ꝯme se il portast lerbe a lostel pour les

393 3851 976 102 cheuaux. ainsi sen ala hors des murs ius

393 3909 967 114 q̃s a sõ hostel. si auint si bũ que le roy *

393 3982 970 125 mengoit a celle heure ⁊ les genz de la cite

1582 655 993 111 cõmuneuit. si que il paroit trop pou de

1582 742 993 91 gẽt ꝑmi les rues tantost prist lenfant ⁊

1582 815 999 91 mõta sus .i. cheual ⁊ sen fui iusq̃s a cou

1582 879 1002 88 ci. lenfant liura en garde au chastelain

1579 949 1008 85 toute nuit cheuaucha iusques au matin

1579 1013 993 88 quil uint a senliz. młt se m̾ueilla le conte

1576 1080 1005 88 b̾nart qnͣt il le uit si matin ⁊ li demãda ꝯ

1573 1144 1002 91 m̃t richart son neueu le faisoit młt fu lie

1579 1217 1005 82 ꝙͣt omonz li ot la besoigne contee. tantost

1564 1278 1011 97 sen alerent a hue le grant. la besoigne lui

1570 1354 1005 85 descouurirẽt et pristrent de li le ẜement q̃ il

1573 1421 997 91 leur aideroit a deliurer lenfant grans gẽs

1570 1482 1008 85 assemblerent et sen alerent a couci ⁊ en ra

1582 1549 897 94 menent lenfant a senliz a grant ioie.

1582 1622 1008 85 Le .u. Cõment le roy par lenortem̃t le cõ

1582 1689 1014 85 te arnoul g̾roia normendie. et ꝯm̃t b̾nart

1585 1762 987 87 le danois lapaisa ⁊ obliga la bõne cite de

1815 1823 757 91 Ors fu le roy roen a sa uolente.

1809 1896 769 82 de son ꝓpos quant il soc q̃ lenfãt

1800 1951 793 99 li fu ainsi soustrait. a hue le gnͣt

1564 2027 997 79 manda ꝑ ses messages et lãmonesta ꝑ sa

1570 2085 985 97 foy que il li rendist lenfant. et il li remã

1561 2155 1009 99 da q̃ il ne le tenoit mie ains estoit en la grͣ

1570 2234 1002 87 de b̾nart son oncle le conte de senliz. bñ sot

1570 2298 985 96 le roy que il ne li seroit pas rendu. tantost

1570 2368 1026 93 mãda arnoul le conte de flandres q̃ il uenist

1570 2441 1011 87 a lui de ceste besoigne parlerent qnͣt il furẽt

1573 2502 1005 87 assamble au derrenier li dist le conte de flã

1570 2563 1005 99 dres. nous sauons bñ que hue le gnͣt a lõ

1570 2645 988 93 guem̃t este de la partie aus normes et p᷑ ce

1567 2715 1000 81 le conmẽt atraire et auugler ꝑ ꝓmesses ⁊ ꝑ

1567 2776 1008 93 dõs. ottroies li donques la duchee de norm̃

1567 2849 1005 99 die. des le fleuue de saine iusq̃s a la mer. et

1567 2922 1017 84 retiens a toy la cite de roen. si que celle ꝑuer

1567 2991 1005 88 se gent wideront france qnͣt il naurõt ou

1570 3064 1002 85 il puissent habiter. ne il nauront de li ne

1564 3123 994 96 secours ne aide. Arnoul le traitre crut le

1567 3195 1005 94 roy ⁊ manda hue le grant quil uenist a li

1570 3262 1011 82 a ꝑlem̃t a la croiz delez compigne. et quãt

1564 3327 982 90 hue oy le roy parler ⁊ desputer de donner

1564 3396 1020 88 citez ⁊ contees si fu tantost auuglez ⁊ uolt

1564 3463 997 91 miex mentir son ẜement ꝑ la conuoitise

1567 3536 988 79 de t̾re ⁊ de richesces que garder sa foy et sa

1564 3597 1003 94 loyaute u̾s lenfant Ri. son ami. auãt q̃ il

1564 3670 994 91 se deꝑtissent iurerent la guerre dune ꝑt et

1564 3729 1017 96 dautre ꝯtre les normens ⁊ assamblerẽt le᷑s

1570 3807 1000 85 oz. Le roy entra en cauz et hue le gnͣt en la

1567 3868 1008 94 ꝯtree de baiex ⁊ ꝯm̃cierent a degast̾ le pays

1567 3938 1003 91 ꝑ embrasem̃s ⁊ par rapines. Qnͣt bernart

1564 4008 976 99 le danois uit ce tantost enuoia au roy *
