3332 5332
871 587 1059 106 a Paris. Car apres ce quil ot dictes les

880 663 1082 101 paroles dessus dittes il dist teles paroles:

880 734 1064 80 Ueez cy maistre robert de corbie et lar

880 787 1067 92 cediacre de paris qui uous diront aucuneᷤ

877 864 1035 77 choses de par les bonnes gens de Paris.

874 924 1061 86 Et lors le dit maistre Robert prist la pa

877 989 1049 86 role, et dist a ceuls de champaigne qui

874 1063 1061 77 la estoient cõment ceuls de paris les a

874 1122 1091 92 uoient amez et les amoient et uouloiẽt

871 1190 1088 92 estre tout un auecques euls. Et prioient

874 1250 1055 118 aus dessus diz de champaigne que aussy

874 1330 1046 100 uousissent il estre un auecques ceuls de

874 1410 1052 82 paris. et ne se uousissent merueillier se

874 1469 1014 103 aucunes choses auoient este faites a

874 1537 1041 98 paris. car quant ilz saroient les causes

874 1611 1055 86 et aroient puy ceuls qui ces choses auoi

874 1682 1029 89 ent conseilliees ilz en seroient tous a

883 1750 1034 86 paisiez si cõme disoit le dit maistre Ro

877 1812 1038 89 bert et pluseurs autres choses. Si re

877 1875 1058 97 quistrent les dessus diz de champaigne

877 1955 1038 80 au dit Regent que il uousist que ils

880 2017 1091 103 peussent parler ensemble. La quelle chose

877 2100 1082 71 il leur octroia . En se traistrent apart

877 2168 1091 74 et parlerent ensemble. et assez tost firẽt

871 2227 1070 101 sauoir au dit Regent que ilz estoient

877 2292 1073 104 pres de lui faire response. Si ala le dit

883 2378 1064 86 Regent et le duc dorliens son oncle. le

880 2440 1064 92 conte destampes et aucuns autres en

874 2506 1058 97 un iardin la ou les dessus diz de champ̃

883 2577 1073 100 estoient. Et la mous Symon de Rouci

877 2645 1067 86 conte de Brene en laonnois respondi po᷑

871 2713 1076 89 les champenois et dist au dit Regent

874 2790 1064 89 que ilz estoient pres de lui conseillier de

874 2852 1079 92 lui aidier et de faire pour lui tout ce que

874 2920 1061 98 bons et loiaus subgiez deuoient faire

880 2991 1035 104 pour seigneur. mais pour ce que les

880 3057 1079 109 plus grans et les plus puissans de chã

883 3136 1070 98 paigne nestoient pas la si cõme disoit

880 3199 1073 97 le dit conte. Il requist au dit regent que

880 3273 1052 80 il leur uousist donner une autre io᷑nee

886 3332 1052 98 pour euls assembler a uertus en champ̃

880 3400 1073 89 et bien li dist le dit conte que les diz chã

883 3468 1070 95 penois ne yroient plus a paris. La quelle

880 3533 1070 104 requeste le dit Regent octroia et fu la

874 3602 1073 100 dicte iournee assignee au dymenche.

880 3682 1073 91 xxix ͤ iour du dit mois dauril. Et ap̃s

880 3750 1091 97 dist le dit conte que au dit maistre Rob̾t

880 3827 1079 94 de corbie ne respondroient il neant car

883 3898 1073 92 alui nauoient il que respondre. Et si

877 3972 1079 115 demanda le dit conte au dit Regent de

2126 605 925 123 par les diz champenois se il sauoit au

2125 669 955 133 cun mal ou mareschal de champaigne

2122 728 931 136 qui auoit este tue a paris ne uilenie

2122 796 946 128 aucune pour la quelle on le deust auoir

2122 870 940 122 mis a mort. Et bien dist le dit Conte

2122 933 931 121 que de monẜ Robert de clermont ne de

2128 992 934 130 mandoit il riens car il sen actendoit

2125 1069 925 121 ceuls de son pays. et bien creoit que ilz

2122 1125 940 133 en feroient leur deuoir. Le quel regent

2128 1199 919 128 respondi que il tenoit et creoit ferme

2126 1269 939 130 ment que le dit mareschal de champaig̃

2140 1333 911 133 et le dit monẜ Robert de clermont. la

2128 1404 937 130 uoient serui et conseillie bien et loialm̃t

2128 1484 928 100 et nauoit onques sceu le contraire. Et

2128 1552 928 106 lors le dit conte de Brene dist au dit regẽt

2143 1620 907 101 Monseigneur: nous champenois qui

2131 1676 937 113 ci sõmes uous mercions de ce que uous noꝰ

2131 1750 928 92 auez dit et nous actendons que uous fa

2131 1821 922 92 ciez bonne iustice de ceuls qui nostre ami

2134 1883 922 113 ont mis a mort sanz cause. Et ce fait

2131 1949 919 115 et dit le dit regent a la disner. et tous

2131 2020 931 103 les diz champenois qui uouldrent aler

2128 2100 922 97 auecques li car ilz en auoient este touz

2134 2168 925 104 semons.¶ Et le merquedi ensuyuant

2134 2239 922 95 xi ͤ. iour du dit mois dauril le dit regẽt

2134 2316 913 80 se parti de prouins. et ala en labbaye de

2134 2372 916 92 prulli. et de la a montereul ou fort dy

2134 2452 910 86 onne. et ala deuant le chastel le quel

2137 2517 910 89 gardoit de par la Royne blanche un

2134 2588 916 83 cheualier appelle monẜ Taupin du ple

2131 2651 919 83 cie le quel taupin estoit sur la porte du

2128 2713 937 95 dit chastel tout arme la teste ou bacinet

2131 2787 907 89 quant le dit regent ala deuant et lors

2131 2849 922 95 le dit regent li cõmanda que il li ouurist

2131 2917 904 107 la porte du dit chastel le quel taupin

2134 2985 910 107 li respondi. Mon redoubte seigneur po᷑

2131 3057 904 100 dieu ne me uueilliez deshonorer. Ma

2137 3125 892 97 dame la Royne blanche ma baillie ce

2140 3193 913 98 chastel et ma fait Iurer que ie ne le ren

2137 3261 916 95 droie apersonne du monde fors au Roy

2140 3314 922 119 ou a elle. ie uous suppli que il uous plaise

2140 3388 904 107 a enuoier par deuers li et ie cuide que

2146 3459 913 101 elle me mandera tantost que ie le uous

2143 3528 910 106 rende. Au quel taupin le dit regent

2143 3593 913 115 cõmanda de rechief .ii. foiz ou .iii. que

2146 3667 898 106 il li ouuirist le dit chastel. Et lors le

2140 3738 898 104 dit taupin respondi. mon redoubte

2140 3794 904 125 seigneur. ie ne tendray pas ce chastel

2146 3865 907 122 contre uous mais pour dieu uueilliez

2149 3939 901 142 my garder mon honeur. Si descendy
