3271 5250
180 682 1030 111 et concordablement en pape sanz debat dif

183 755 1016 102 ficulte ou contradicion aucune un car

180 825 1045 93 dinal appelle monẜ robert de geneue. qui

180 898 1022 84 portoit le tiltre de Cardinal cest assauoir

186 965 1024 85 Basilice duodecim apłoꝵ. pb̶ cardinalis.

186 1029 1022 96 Et fu appelle paye Climent . uii.ͤ Et fu co

177 1093 1036 97 ronne et consacre le derrenier iour doctobre

177 1169 998 99 ueille de la toussains ensuiant. Le quel

177 1236 1022 88 se consenti a la dc̃e election. et aussi firent

175 1295 1041 96 la Royne de naples et touz les grans seig

175 1370 998 102 neurs du pays. Mais les rõmains tin

172 1429 1038 90 drent tousiours le dit Berthelemi pour pͣpe.

183 1507 992 94 Et ces choses furent signifiees au Roy de

175 1569 995 93 france tant par le dit pape Climent. cõme

175 1642 1003 93 par les cardinaulx. en le requerant et pri

175 1706 1027 96 ant quil se uoulsist adherer a la dc̃e electiõ.

183 1782 992 87 et tenir le dit pape climent pour uray pape.

179 1841 981 97 ¶ Si ot aduis et deliberacion le roy sur

183 1913 1010 87 ce. Et afin que par bon conseil et seur il fe

172 1980 1024 102 ist ce quil en deuoit faire il manda et fist *

166 2050 1004 90 uenir deucint lui au bois de uinciennes le

172 2126 1003 99 mardi .xuiͤ. iour de nouembre Mil. CCC.

175 2193 1000 96 .lxcuiii. plus prelaz tant arceuesques et

169 2269 1039 93 euesques et autres sages clers. cõme abbez

166 2342 1042 96 maistres en theologie docteurs en decrez et en

169 2409 1027 99 loys. et pluseurs. autres sages de son cõseil

163 2479 1004 93 tant chłrs comme autres. les quelz touz

163 2546 1018 96 dun accort et singulierement apres leur

169 2613 1065 87 serement fait aux saintes euangiles de dieu

166 2674 1033 88 dirent et conseillerent au roy quil se decla

169 2747 1036 99 rast et determinast pour la ꝑtie du dit pͣpe

169 2820 968 85 climent. et quil le tenist pour uray pape.

177 2887 1013 82 Et dirent oultre au roy que ueues les *

169 2948 1015 94 choses dont dessus est fc̃e mention et ycelles

166 3018 1027 88 considerees deuement il le deuoit ainsi fai

166 3085 1015 97 re. Et oultre conseillerent au roy ap̾s ce

166 3147 1009 93 que conseil leur ot demande et par leur se

169 3231 1050 88 rement que il nattendist plus a soy decla

169 3287 1001 99 rer. Mais tantost se declarast pour celle

172 3357 1033 99 partie tant pour ce que ainsi le deuoit fai

175 3427 989 105 re. cõme pour donner bon etemple a toꝰ

172 3491 1021 99 autres crestiens. Si se declara lors le roy

169 3564 1033 102 par la maniere que conseillie li auoit este

166 3628 1024 102 et que dessus est dit. Et ces choses fist sig

169 3710 998 90 nifier et publier par son royaume tant

170 3787 1010 84 a prelaz et eglises cathedraulx comme a

172 3847 998 84 autres. Comment le roy par le conseil

166 3916 1039 94 de pluseurs sages fist siginfier a pluseurs

163 3987 1018 96 pͥnces crestiens les quelz il tenoit pour ses

163 4055 1010 103 amis et bien uueillans que il sestoit deli

1388 682 823 105 bere pour la ꝑtie du pape climent.

1648 767 770 84 pres la dicte declaracton faite le

1651 837 791 93 Roy ot aduis et deliberacion par le

1651 904 779 93 conseil de pluseurs sages que il

1386 980 1053 78 signifieroit ces choses aux princes crestiens

1386 1047 1021 96 que il tenoit pour ses amis et bien uueil

1408 1110 1037 97 lans. et ainsi le fist. Et enuoia messages

1388 1181 1033 99 notables prelaz barons et autres chłrs

1388 1239 1102 96 et clers. les uns en alemaigne. les autreᷤ

1386 1318 1067 99 en hongrie. les autres en ytalie. et autres

1386 1382 1032 96 en pluseurs autres pais. pour signifier *

1388 1452 1007 88 aux princes prelaz et pais cõment il se

1386 1516 1035 96 estoit declairie pour la ꝑtie du dit pape cli

1383 1583 1047 97 ment. et pour leur dire et monstrer les cau

1383 1642 1059 99 ses et raisons qui lauoient meu ad ce fai

1383 1723 1041 91 re. Et pour leur requerir que pour lonne᷑

1383 1782 1056 99 de dieu. et de sain te eglise il uoulsissent aĩ

1388 1863 1045 85 si faire. afin que tou te crestiente fust souz

1383 1913 1050 93 un pasteur et un uicaire de iħucrist. aĩsi

1386 1992 1035 93 ꝯme elle deuoit estre. Et oultre leur fai

1383 2050 1035 96 soit le roy sauoir que sil y auoit aucun

1383 2137 1033 94 prince ou autre qui feist aucune doubte

1380 2213 1056 88 en ce fait pour cause de lelection ou nõia

1377 2272 1027 90 cion du dit berthelemy. que ilz uoulsis

1377 2339 1062 99 sent oir les messages que le Roy leur en

1371 2412 1047 87 uoioit. les quelz estoient instruiz souffi

1388 2485 998 90 sãment et informez de la uerite du fait.

1383 2549 1043 89 ¶ Si trouuerent les diz messages du

1374 2619 1047 99 Roy en aucuns lieur gens instruiz autͤ

1368 2683 1021 102 ment que de la uerite. et soustenans le

1371 2750 1053 108 fait du dit berthelemy. et par especial es

1380 2835 1006 75 parties dalemaigne. Et iassoit ce que

1371 2887 1036 96 le Roy de hongrie eust par auant signi

1374 2963 1053 96 fie et escript au roy de france que tele ꝑtie

1377 3010 1033 116 cõme il tendroit le dit Roy de hongrie tẽ

1371 3080 1033 99 droit. Touteuoies les messages que le

1374 3147 1018 113 Roy de france enuoia deuers le dit Roy

1368 3211 1039 116 de hongrie pour ceste cause: trouuerent q̃

1371 3287 1036 102 il estoit plus enclin a la ꝑtie du dit ber

1371 3360 1050 99 thelemy que a la partie du dit pͣpe climẽt

1383 3432 1056 91 Et aussi les flamens iassoit ce quil fus

1371 3488 1042 108 sent et soient du Royaume de france. res

1374 3567 1021 93 pondirent que iusques ad ce quilz fus

1380 3637 1024 96 sent plus plainement enformez ne tẽ

1374 3695 1004 108 droient le dit pape Climent pour pape

1383 3774 1068 93 Cõment le dit berthelemi qui se nõmoit

1394 3844 995 99 pape urbain fist .xxix. cardinaulx dont

1508 3902 910 102 Tem en celui. ¶ les noms sen suiuẽt.

1523 3972 890 108 temps cest assauoir le .xx.ͤ iour de

1528 4051 870 120 septembre dessus dit. le dit berthele
