3340 5354
797 726 1111 100 rent pres lun de lautre lempereur cõmenca

803 806 1108 83 si fort aplourer et la dicte duchesse aussi que

806 865 1102 86 cestoit piteuse chose a regarder. Et les causes

800 939 1093 93 si estoient pour la memoire quil auoit eu

797 1008 1063 74 de ce que la suer de la dicte duchesse auoit

806 1064 1084 96 este sa premiere fẽme. et aussi que la dicte

797 1133 1084 95 duchesse auoit este compaigne et nourrie

803 1201 1108 83 auec la duchesse de normandie suer de lem

803 1273 1096 98 pereur et mere du .Roy. Et onques en celle

803 1341 1105 83 place ne porent parler ensemble. mais pria

800 1412 1093 84 lempereur que apres disner il la peust ueoir

800 1472 1084 101 et parlexa elle plus secretement et ainsi

812 1534 1081 119 fu fait ¶ De la se partirent lempereur

806 1612 1102 95 le Roy et le Roy des romains et prist con

806 1689 1090 98 gie de la Royne et fu aporte le dit emꝑeur

806 1748 1120 102 en la chambre du dalphin de uiennois ains

806 1820 1090 86 ne filz du Roy la quelle chambre estoit ri

806 1888 1069 84 chement appareilliee pour luy. et aussy

806 1960 1081 95 estoit tout lostel comme dessus est dit. et

803 2019 1081 89 le. Roy ala disner en la sale du dit hostel

809 2091 1078 104 nõmee la sale de Sens et y mena le Roy

803 2162 1117 92 des Romains et toutes les gens de lemꝑeur

806 2239 1114 84 auec grant foison de cheualiers tant quil

809 2302 1081 92 en y pouoit. Et endementres que len dis

809 2367 1119 104 na lempereur sestoit fait mectre dormir.

812 2447 1128 90 Et apres le disner du Roy et uin ⁊ espices.

806 2510 1087 98 donnees le Roy se retray en sa chambre

812 2575 1087 87 et fist retraire le Roy des rõmains en la

809 2638 1069 95 chambre de monseigneur loys son filz

817 2727 1098 88 Conte de ualois. le quel Roy des romains

812 2793 1090 74 uoult aler ueoir les lyons et en sa com

815 2858 1108 95 paignie y furent les freres du. Roy. Et

818 2932 1078 90 quant lempereur fu esueillie la deuant

812 3001 1093 86 dite duchesse de Bourbon fu menee deu̾s

815 3072 1090 86 lempereur et parlerent longuement en

812 3135 1099 92 semble. Et assez tost apres le Roy y en

815 3203 1081 77 uoia la Royne par les galathas et ses

815 3259 1119 99 enfans le dalphin de uiennois et le Conte

812 3337 1122 83 de ualois de quoy lempereur fu moult liez

818 3393 1110 96 et fu la Royne longuement assise encoste

818 3468 1140 83 lui et parlerent moult longuement ensem

815 3530 1122 89 ble. Et li donna la Royne un beau reliqui

821 3605 1122 80 aire dor grant et uoultable garny du fust

818 3670 1119 101 de la uraye croix et tres richement garni

818 3741 1090 90 de perrerie. Et le dalphin lui donna deux

821 3813 1110 80 tres beaux brachez abeles laisses et coliers

821 3878 1096 95 de soie ferrez a fleurs de liz dor des quelles

827 3938 1134 92 choses lempereur fist moult grant semblãt

824 4015 1072 86 de ioie et y prist tresgrant plaisir et en

830 4092 1099 101 mercia la Royne et le dit dalphin. Et

2067 762 969 111 pour ce quil estoit sus le uespre et que lem

2086 823 932 119 pereur et le Roy deuoient aler au Bois

2068 871 968 137 de uinceunes le Roy uint en la chambre

2071 942 956 137 de lempereur pour le faire partir pour ce

2074 1023 929 104 quil estoit ordene quilz deuoient aler

2077 1085 965 128 ensemble. Et lors prist congie la Royne

2074 1154 953 127 de lempereur et les diz enfans du Roy ⁊

2080 1222 908 116 se retrayrent en la chambre dempres.

2077 1290 950 113 Et lors uint le Roy des romains deuers

2074 1344 950 128 la Royne et prist congie delle et elle lui

2071 1424 977 128 donna un tres bel et riche fermail dor gar

2074 1499 965 113 ny de perrerie. Et tantost se partirent et a

2074 1561 950 122 lerent deuant monter acheual le Roy ⁊

2074 1635 950 116 le Roy des romains. Et len monta lem

2077 1692 944 122 pereur en la litiere de la Royne. et ainsi

2080 1769 950 110 sen alerent tout droit au bois. Et quant

2080 1835 956 95 ilz arriuerent au bois pour ce quil estoit

2086 1903 929 95 tart uindrent grant foison de torches

2089 1969 923 98 au deuant deulx. Et fist le Roy porter et

2089 2040 941 101 logier lempereur en sa belle tour en sa chã

2089 2099 923 113 bre ou il meismes gist. Et se loga le Roy

2089 2177 929 101 en la chambre qui se nõme la chambre

2089 2248 941 95 aus dains qui est es braies. Et fist logier

2083 2317 929 95 son filz le Roy des Romains en la chambre

2103 2383 898 88 de son ainsne filz le dalphin de uiennois.

2085 2449 940 89 Et soupa le Roy en la sale lui et ses gens

2092 2516 905 89 car pou y auoit destranges pour ce que

2101 2581 920 96 chascun sestoit retrait aparis Cõment lẽ

2098 2653 914 89 pereur au tour de la chambre ou il estoit

2092 2706 929 89 pour ueoir le circuite du chastel du Bois

2089 2789 944 78 de uincennes se fist porter et des heures q̃

2360 2840 649 110 E lundy ¶ le Roy li donna.

2351 2923 655 99 ensuyuant qui fu le onzieme

2348 2995 664 92 our de iauuier se fist porter le

2098 3070 930 84 dit empereur tout au tour de la chambre

2098 3129 905 83 dessus dite pour ueoir par les fenestres

2098 3191 923 86 le circuite du chastel pour ce quil ny pou

2116 3272 880 83 oit aler. Et le Roy enuoia son filz le

2104 3339 908 83 Roy des romains ou part a compaigne

2094 3402 944 87 de ses freres dessus diz pour chacier aus

2098 3466 920 85 dains et cõuins pour yprendre leur es

2101 3534 930 88 batement. Celle matinee ne uit point

2101 3593 917 101 le Roy lempereur pour ce que a matin

2107 3652 911 101 auoit oy sa messe et disne et uouloit

2101 3709 929 116 dormir auant que le Roy eust oyes ses

2107 3777 914 119 messes si cõme il a decoustume et de orde

2113 3848 890 110 nance. mais apres disner la la ueoir

2113 3911 908 125 car le dit empereur auoit ia dormy. Si

2110 3999 931 102 furent grant piece ensemble en bonnes

2110 4069 944 101 paroles et esbatemens. Et pria lemꝑeur
