3318 5263
254 643 998 99 de lost le laissa occirre pour ce quil le hai

254 710 1010 108 oit. Quant la gent le roy uirent ⁊ apercu

251 771 995 120 rent quil ne pourroient pas ilec lõguemẽt

254 839 1015 128 demourer si rachaterent enguerran une sõ

254 921 1021 99 me dargent et puis bout̾ent le feu en toutes

251 985 1013 114 les garnisons et embraserent toute la uil

251 1055 983 105 le de rose. Si cõme il estoient au chemin

254 1125 1001 100 ⁊ il sen aloient si grant rauine de pluie les

257 1192 977 106 prist que a paine se porent il soustenir ne

254 1257 1010 105 a pie ne a cheual ne en leurs paueillõs ne

263 1336 962 99 porent il demourer tant estoient greuez.

241 1381 992 110 ¶Le roy pħe fu młt dolent et courroucie

260 1464 986 103 de ce quil auoit pou ou noient fait en arra

257 1529 995 105 gon. Car il li estoit bien ains quil deust a

257 1602 995 93 noir pris tout arragon et toute espaigne

254 1669 992 99 a ce quil auoit tant de bonne chłrie et au

257 1736 980 100 gnͣt peuple quil auoit amene auec li. si

254 1801 1001 96 fu młt pensis dont ce pooit uenir ou ꝑ mau

260 1862 995 111 uail conseil on par fortune. En ce quil es

260 1935 1015 100 toit en tel pensee si chei en une fieure si que

263 1999 992 109 il ne pot cheuaucħ ainz conuint quil fust

263 2073 992 99 porte en letiere. La fieure crut et mõtepli

263 2149 977 99 a pour lair qui tant estoit desatrempe et

266 2213 998 102 plain de pline. si li engreia et deuint plus

263 2277 998 97 fort malade. Tant alerent et cheuauchie

263 2347 989 109 rent quil uindrent au pas de lescluse qui

263 2406 1012 108 est toute auironnee des montaignes qͥ sõt

263 2479 1018 102 appellees les mons de pierre haut. Au dessꝰ

263 2555 992 94 des mõtaignes estoient les arragonnois

263 2611 998 105 qui estoient en aguet cõment il pourroiẽt

266 2675 995 114 greuer les francois. Quant aucun pou sẽ

263 2757 1001 99 esloignoiẽt de lost ou .x. ou .xii. tãtost leur

266 2824 1006 94 couroient sus et les occioient ⁊ rauissoiẽt

263 2882 1006 106 qnͣquil pooient tenir ou trouuer a grãt do

263 2941 1003 102 leur et a grant paine uindrent iusq̃s a par

269 3014 989 102 pignan. ilec sarresterent pour reposer. Le

266 3078 1009 106 roy pħe fu forment malade et enf̾me. si ne

266 3149 1009 93 uoult pas tant atendre quil ꝑdist son sens

272 3219 989 93 ⁊ son auis. ainz fist son testam̃t ꝯme bon

263 3274 998 108 crestien ⁊ ordena Apres il recut en gnͣt de

266 3353 980 91 nociõ le satrement de .S̾. eglise. Tantost

269 3420 1015 100 ꝯme il ot receu toutes ses droitures il ren

269 3482 980 102 di la uie et saquita du treu de nature qͥ

272 3552 1012 97 est une cõmune debte a toute creature. Les

269 3622 995 94 barõs de france furent młt dolenz ⁊ corrou

277 3687 1007 102 ciez de sa mort. car deiour en iour courage

283 3763 960 90 ⁊ uolẽte li monteplioit de bñ faire et de

286 3830 1001 93 greuer ses anemis. Nul ne pourroit pẽser

275 3891 977 100 la doleur. q̃ la royne sa fẽme ot ou cuer

274 3961 1004 95 ne les pleurs ne les larmes que elle rẽdi

1439 629 1030 99 tant mena grant duel et si loguem̃t que

1445 695 989 94 a paine pooit elle auoir remede de sa uie.

1445 754 1001 108 Le roy fu conroie si cõme len doit a tel prĩ

1445 824 1027 111 ce. les entrailles fureut ent̾rees en la mais

1442 891 1015 114 tre eglise de nerbonne. Les ossem̃s en furẽt

1442 964 1009 100 a portes a .S̾. denis en france et furent mis ẽ

1442 1035 980 108 sepulture dencoste son pere le .S̾. roy loys.

1442 1093 1012 114 Mais aincois quil fussent mis en sepult᷑e

1442 1169 995 99 dissencion et grant destort mut entre les

1445 1242 1018 97 moines de .S̾. denis et les freres prescheurs

1448 1312 1001 97 de paris. La cause si fu pour ce que le roy

1448 1380 1030 102 pħe le filz du bon roy auoit donne ⁊ otroie

1448 1447 1003 102 aussi ꝯme despourueuem̃t a .i. frere de lor

1445 1511 1001 100 dre des prescheuis le cuer son pere pour ce

1448 1573 1039 111 quil fust ensepulture en leglise des presch᷑s

1448 1649 1024 96 de paris. Les moines de .S̾. denis le uouloi

1448 1713 1024 102 ẽt auoir et disoient puis quil auoit esleu

1448 1780 1009 100 sa sepulture a leglise de .S̾. denis que son *

1448 1844 989 106 cuer ne doit pas ailleurs reposer ne gesir.

1451 1912 1000 111 Mais le ienne roy ne uoult pas estre des

1448 1991 1006 105 dit a son cõmẽtement. si cõmãda qͥl fust

1451 2064 1003 87 baillie et deliure aus freres prescheurs de

1460 2134 1012 96 par̃. Pour ceste chose furent meues plusẜs

1454 2192 1006 103 q̃stions a paris entre les maistres de theo

1451 2263 1000 105 logie a sauoir mon se le roy pooit donner

1451 2321 1021 111 ne ottroier le cuer son pere ꝓpre sanz la dis

1457 2403 1032 99 pẽsacion de son euesque souuerain ¶ Ap̾s

1451 2476 1024 88 ce les os furent enterres a .S̾. denis en frã

1451 2543 1018 97 ce delez son pere le roy loois et ioignãt sa

1454 2608 1018 93 fẽme ysabiau darragon royne de france.

1454 2675 1030 93 les quielz pħe et ysabiau sont maĩtenant

1454 2745 1030 82 esleuez de terre par .ii. piez ou enuiron en bel

1454 2804 1027 99 le tumbe de marbre bis en biaux ymages

1457 2877 1015 84 dalebastre richement et m̾ueilleusem̃t ou

1457 2944 1000 88 urez de tres noble et gentil euure. les qͥex

1451 2996 1030 103 aucuns uenans en leglise .S̾. denis en frã

1457 3075 1006 91 ce pueent ueoir aussi gentem̃t mis a la

1460 3149 1027 87 destre ꝑtie du moustier en une huche delez

1465 3207 1001 94 S̾. loys ¶ Du quel cuer au roy pħe il fu

1462 3271 1033 100 ap̾s det̾mine par plusẜ theologiens que le

1465 3347 1030 97 roy ne les moines ne le pourroiẽt donner

1465 3415 1033 99 sanz la dispensacion du pape. Et lois ap̃s

1471 3479 1018 99 pħe successeur de son pe fu corone a reins

1465 3552 1039 97 entre li et la royne iehanne sa fẽme en roy

1468 3631 1030 85 de france le iour de la thifaine. ycelui pħe

1468 3689 1016 88 qui mourut en arragon ot .ii. fẽmes dont

1471 3760 980 93 la p̾miere fu la royne ysabel fille le roy

1468 3827 1027 85 darragõ dont il ot .iii. enfanz loys qͥ mou

1468 3894 989 100 rut en senfance. et pħe le biaux qui regͣ

1468 3958 1019 112 ap̾s lui. et charles conte de ualois. y ceste
