3306 5259
166 685 1035 99 de Rue li deuoit dire. et cuide bien le dit

166 774 994 82 maistre pietre que cestoit sur le fait des

166 823 1026 114 aliances que le roy de nauarre enten doit

166 894 1026 102 presentement a faire auec le roy danglet̾.

172 975 1003 97 Et dit le dit maistre pierre que se par le

163 1031 1053 96 dit Roy de nauarre li eust este dit et cõmã

163 1110 1023 84 de de extraire des traictiez et aliances pie

169 1180 1026 96 ca faictes dont dessus est faicte mencion

169 1244 1017 91 aucuns articles pour traictier de nouuel

166 1308 1047 97 auec le dit roy dangleterre. il les eust ex

166 1384 1047 91 traiz et bailliez se les diz Iaquet et guyot

160 1449 1041 96 le lui eussent cõmande depar le dit Roy de

166 1519 1020 99 nauarre. ¶ Dist auec ce que quant il

169 1586 1006 96 oy que messire charles de nauarre aloit

169 1653 1029 91 sur le pays de normandie en la ꝯpaignie

166 1726 1041 82 du duc de bourgoingne et du connestable

163 1790 1035 88 de france. Il prist .iii. ou .iiii. charpentiers.

172 1861 1014 78 un macon. et un canonnier. et les mist

169 1916 1026 108 dedens la tour de bernay pour ordener gͣr

169 1992 1020 102 der et deffendre la dc̃e tour contre touz ceꝰ

166 2065 1020 91 qui y uendroient pour y porter dõmage.

163 2141 1029 79 et a ceste fin les ytint. Et aussi y recut

163 2202 1041 103 le capitaine de moulins chapel. et aucũs

169 2273 1049 96 autres nauarrois qui auoient laissie le᷑

166 2349 1082 99 fort pour ce quil leur sembloit qͥl nestoit

175 2419 1046 81 pas tenable contre les gens qui uenoient

169 2483 1061 85 depar le roy de france. et dit que ad ce le mo

169 2547 1032 85 uoient et contraingnoient le serement et

169 2614 1029 106 hõmage quil auoit fait au dit roy de *

184 2696 1029 85 nauarre ¶ Dist oultre quil enuioia a

172 2746 1029 108 pluseurs capitaines des forteresces qui

166 2834 1029 90 se tenoient pour le dit roy de Nauarre

163 2901 1035 93 en normandie lettres closes dont la. te

169 2956 1044 105 tieur sensuit. Chiers et bons amis iay

163 3032 1035 85 eu lr̃es dun mien ami qui tient fort̾es

166 3094 1014 96 ce de monẜ. es queles a contenu que le

160 3164 1047 93 duc de bourgoingne et le duc de bourbon

166 3243 1009 90 gouuernent monẜ a leur uolente. et le

172 3301 1032 93 mainent a grant foison de gens darmeᷤ

172 3368 1023 100 deuant bretueil. et y doiuent estre au io᷑

169 3447 985 99 duy. et apres iront au pontaudemer.

172 3520 1038 91 a mortaing. a gauray. et a chierbourc.

169 3584 1055 94 les quelz il pensent auoir de fait par le

172 3660 1049 94 dit monẜ. Et ce ma il escript afin de a

169 3722 1032 96 uoir adins de faire response sur ce. et po᷑

175 3804 1011 93 ce lui escri que tout considere mes auis

169 3874 1006 81 quil na en nos aduersaires fors que

166 3929 1047 99 uoie de fait tres mauuais et trescruel. cõ

169 3996 1038 97 tre le quel fait nul ne puet dõner conseil

172 4081 1057 99 ne faire response qui puisse oster ne ap

1376 684 1082 104 paisier ce quilz ont dedens leurs cuers. et po᷑

1382 768 1047 88 ce se conuient esuertuer et soy aidier cõme

1376 823 1073 106 pour deffendre sa uie. son honneur. et lerita

1379 905 1050 94 ge de son seigneur que len ueult auoir et

1379 975 1047 91 soustraire par males et estranges man̾es.

1382 1045 1073 94 Et ie ne doubte point que dieu naide a ceulz

1382 1113 1064 84 qui ainsi le feront. Et quant est de ce q̃ len

1388 1177 1058 96 a a faire auecques telz gens qui uont par leᷤ

1376 1235 1047 97 lieux de monẜ iay ueu autresfoiz le cas. et

1379 1305 1061 103 qui eust rendu les forteresces de monẜ touz

1382 1381 1061 91 les siens estoient mors et desers ꝑpetuelmẽt.

1385 1454 1026 91 Si ne uoy autre seurte de noz uies que de

1379 1522 1055 90 bien garder ce que len tient. et uault plus *

1385 1589 1058 90 assez bataille que la mort. et durer le plus

1382 1659 1058 88 que len pourra. et entretant aucun bon re

1382 1732 1041 79 confort nous uendra par droite sentence

1382 1788 1067 93 et ordenance de dieu. Et pleust a nr̃eẜ que

1385 1858 1052 84 touz noz amis fussent bien aduisez de te

1385 1925 1064 99 nir une meismes uoie et une meismes re

1385 1998 1064 82 sponse. Mais pour passer le temps auecq̃s

1385 2062 1093 94 ceste dure gent ie diroie que len leur deuroit

1382 2135 1052 94 dire que par cõmandement de monẜ le ꝑe

1382 2208 1026 91 len a tenu et tient ses forteresces pour lui

1382 2287 1029 88 en lobeissance et seruice du roy et contre

1379 2351 1055 94 ses ennemis si cõme il est apparu de fait ꝑ

1385 2410 1061 102 ce que len fist contre les anglois de .S̾. sau

1385 2489 1047 87 ueur. et que len fait chascun iour ailleurs.

1385 2553 1085 94 et tousiours est on en tele uolente. et de en fai

1385 2617 1044 100 re et obeir a la bonne ordenance de monẜ de

1379 2682 1064 102 beaumont ainsne filz .⁊c̾. lui franc et de

1382 2763 1047 88 liure en sa personne et en ses gens qui lui

1382 2831 1047 90 sont baillez pour le conseiller auecq̃s lui.

1382 2895 1070 99 et aussi lui ayant pouoir de monẜ son pere

1382 2974 1067 84 du quel il conuient quil appere. Car enco

1385 3038 1055 85 re ne sest il point porte cõme lieutẽn. ne na

1382 3102 1050 97 este sur les terres de monẜ son pere comme

1385 3167 1044 90 chascun scet. Et si conuendroit necessaire

1391 3248 1014 91 ment auoir lr̃es de descharge de monẜ le

1388 3310 1041 90 pere escriptes de sa main et seellees de son

1388 3371 1044 94 grant seel. ou autrement len seroit faulz

1385 3450 1061 82 et pariure si cõme il meismes porte par lr̃es

1385 3511 1052 103 quil a de chascun capitaine. Par les q̃les

1388 3587 1044 94 condicions len puet dire que len est prest

1388 3652 1017 105 de faire le cõmandement de monẜ de beau

1388 3728 1038 87 mont. Ou len pourroit dire apres ce que

1385 3792 1070 96 len auroit monstre ces condicions qui ua

1388 3865 1038 96 lent excus acions. que aussi cõme feront

1388 3935 1064 91 Eureux. bretueil. le pontaudemer. gauray.

1391 4002 1023 94 Mortaing. et Chierbourc touz ensemble

1391 4075 1026 105 dun accort : len est prest de faire. et autre
