3361 5294
1097 589 733 96 Donques endem̃tres cõme ceꝰ

1083 655 735 94 de biuges sappeilloient a deffẽ

1094 732 733 88 dre querans de toutes ꝑs aides

1109 802 715 97 et sondoiers. Robert noble con

821 873 988 94 te dartois fu enuoiez du roy de france auec

809 941 1018 85 mlt gnͣt chłrie des frans hõmes ⁊ gnͣt mul

806 1005 998 89 titude de gent a pie et uint en flandres. et

812 1076 1027 82 entre bruges et comtrai tendirent paueillõs

806 1144 1012 94 ⁊ trez. Car adec̾tes il ne pooient passer pour

803 1208 1039 91 lyaue du fleuue pres dilec courant pour sur

806 1282 1012 85 la quelle yaue les flamens auoiẽt fraĩt .i.

806 1344 1024 100 pont. Et lors endem̃tres ꝯme les francois ẽ

803 1417 1042 82 tẽdissent a appareillier le pont ceulz de bru

809 1485 1012 88 ges souuẽtes foiz a bataille ordenee cõtre

806 1552 1021 83 couranz en leuure si ꝯme il pooient destour

809 1617 1009 91 banz touz les iours les francois chascũ ap

809 1688 1012 91 pelloient. Et lors uousissent ou nõ le pont

812 1744 1012 97 apres ce rappareillie cõme a .i. mercredi .i. io᷑

806 1820 1015 88 du moys de iullet de laccort de lune ꝑtie et

809 1888 1018 94 de lautre uenir a bataille deussẽt. Ceulz de

803 1955 1021 97 bruges si ꝯme len dit estudianz ⁊ cuidaus

806 2029 1024 97 mourir pour la iustice liberalite ⁊ frãchise

809 2102 1021 92 du pays p̾mierement confesserẽt leurs pe

809 2167 1015 103 chiez humblem̃t et deuotem̃t. le corps de

809 2247 1027 88 nrẽẜ ihũcrist recurent portans auec eulz ẽ

806 2323 1030 97 semĩt aucunes reliques de sains. et a glai

806 2397 1018 85 ues ⁊ a lances et espees et bonnes haches

809 2461 1045 91 ⁊ goudẽdars serreement ⁊ espessem̃t ordenez

809 2535 1015 82 uindrent ou champ a pie par .i. pou touz.

806 2591 1039 97 Adonques les chłrs francois qui trop en le᷑

809 2667 1018 97 force se fioient uoians ꝯtre eulz y ceulz fla

809 2738 1009 88 mens du tout en tout uenir. si les orẽt ẽ

806 2799 1036 92 despit si cõme espoir foulons tisserrans et

803 2870 1027 97 hõmes ouurans daucuns aut̾s mestiers.

809 2941 1030 105 Et lors les deuant diz francois chłrs non

815 3026 1036 79 ꝯtredaignanz leur gent apie qui deuat eulz

809 3091 1039 79 estoient ⁊ aloiẽt ⁊ qui uiguereusem̃t les as

806 3149 1024 92 sailloiẽt et qui młt bien se contenoient fi

809 3217 1033 94 rẽt retraire es flamens pourpesem̃t ⁊ sãz or

809 3288 1039 91 dre sembatirent. les quiex chłrs gentilz fnͣ

809 3355 1027 100 cois ceulz de bruges a lances agnes formẽt

812 3438 1003 82 empaignanz ⁊ deboutanz getterent ⁊ a bati

821 3496 1006 98 rent de maintenãt du tout en tout ceulz qͥ

818 3570 1015 91 a celle empainte ereut a lencontre. Des q̃lz

818 3644 1018 88 la ruine ⁊ trebucheure tant soudaine uoi

818 3708 1018 100 ant le noble conte dartois rob̾t qui onq̃s

821 3773 1009 94 nauoit a coustume. a fuir auec la ꝯpaigͥe

824 3858 997 83 des nobles fors et uiguereux aussi cõme

824 3902 1030 103 lyon rungant ou esragie se plunga es fla

824 3985 1018 109 mẽs. Mais pour la multitude des lances

2016 570 965 127 que les flamens espessement ⁊ serreem̃t te

2018 661 963 103 noient ne les pot le gentil conte rob̾t tresfo

2018 720 963 118 rer ne tresꝑcier. Et lors a dec̾tes ceulz de bru

2018 797 969 108 ges aussi cõme sil fussent conu̾tiz et nuez en

2016 867 988 97 tygres nulle ame nesꝑginerent ne haut ne bas

2018 938 978 103 ne deporterent mais aus lances agnes bien

2013 1002 971 92 amourees que len appelle bouteshaches et

2016 1073 968 103 gindendars les chłrs des cheuaux faisoiẽt

2013 1147 965 100 trebuchier. Et ainsi ꝯme il cheoient aussi

2013 1211 974 94 ꝯme brebiz les acrauentoient sus la terre.

2013 1270 977 100 Adonc le bon conte robert dartois uaillant

2013 1349 983 95 ⁊ enforci de toutes gens ia soit ce quil fust

2013 1414 980 91 naure de młt de plaies toutes foiz se ꝯbati

2013 1485 968 85 rẽt il form̃t et uiguereusemt miex ueul

2010 1549 977 89 lanz gesir mort anec les nobles hõmes qͥl

2010 1620 974 85 uoioit deuant li mourir que a tel petit uil

2016 1688 947 97 ⁊ uilain peuple li rendre uif enchaitiue.

2018 1755 975 83 Et lors quant les autres compaignies ui

2016 1820 974 97 rẽt ceulz qui estoient en lost des frãcois tãt

2016 1888 962 100 a cheual ꝯme a pie a par .i. pou .iiͫ. haub̾s

2018 1958 978 97 auec le conte de .S̾. pol et le conte de bouloi

2021 2029 969 88 gne. Et loys filz robert de clermont pristrẽt

2021 2099 963 98 la fuite tres laide et tres hõteuse laissãz le

2024 2173 960 85 conte dartois et honnorables ⁊ nobles ba

2024 2247 963 97 tailleurs. Diex quel dõmage ⁊ q̃l doleur es

2027 2326 948 91 mains des uilains estre detrenchiez mors

2024 2385 954 88 ⁊ acrauẽtiez. Des quiex la fine nõ esperee

2021 2455 966 92 uoiãs les flamens adu̾saires lors po᷑ ce

2027 2529 957 88 leurs comages enforciez reculerent. Et qͥ

2024 2599 963 92 ꝑ .i. pou uaincuz sen uouloient fuir reque

2024 2670 966 88 ranz ⁊ uenanz aus tentes ⁊ fuiant trestout

2024 2741 951 88 rauirẽt ⁊ pristrent. Et adec̾tes ilec auoit

2027 2794 954 108 gnãt copie darmes ⁊ grant aꝑpeil bataille᷑

2027 2876 942 94 ꝑ les quielz les flamens enrichiz ⁊ des *

2024 2944 948 88 corps occis quant il les orent touz desnu

2024 3008 948 94 ez de leurs armes et de leurs uestemes et

2024 3079 960 85 la bataille du tout entout uaĩcue a grãt

2024 3132 972 117 ioie a bruges sen reuindrẽt. Et aĩsi a gnͣt

2024 3208 951 97 doleur touz les corps desmez et tãt de no

2027 3279 966 109 bles hõmes demouranz en la place du chãp

2027 3355 945 91 ꝯme il ne fust qui leᷤ baillast a sepulture.

2027 3423 954 97 les chãps de eulz les bestes des chãps les

2027 3488 948 94 chiẽs ⁊ les oysiaux mengierent la quelle

2030 3558 945 94 chose en derision et escharnissem̃t et mo

2027 3620 942 112 q̃rie tourna au roy de france ⁊ a tout le

2027 3691 942 100 linage des mors en reproche ꝑpetuel en

2030 3761 930 109 touz les iours. Et adec̾tes gisoient ⁊ a

2027 3826 921 103 crauẽtez młt de nobles quel dõmage.

2027 3888 960 120 Cest a sauoir le gentil conte dartois rob̾t

2027 3955 948 136 et godefroy de breban son cousin auec sõ
