3386 5312
793 678 1128 133 goigne freres du Roy de france et pluseurᷤ

802 764 1107 124 autres du conseil du roy et alerent asaĩt

802 844 1102 118 Omer. Et pour le Roy dangleterre alerẽt

800 920 1109 101 a bruges messire Iehan duc de lencastre et

800 1000 1089 94 messire hemon Conte de Cantebruge filz

800 1062 1107 106 du Roy dangleterre et pluseurs autres de

800 1121 1118 112 son conseil. et par le moien des diz messageᷤ

800 1201 1080 91 du pͣpe. cest asẜ de larceuesque de rauenne.

802 1280 1093 77 et de larceuesque de Rouen qui par auant

800 1333 1136 104 auoit este enesque de Carpentras furent da

800 1410 1133 103 cort les diz traicteurs tant dune part cõme

800 1478 1098 103 dautre de euls assembler a bruges cõme ꝑ

802 1561 1131 82 auant auoient fait ceuls qui y auoient este

808 1623 1107 103 Si alerent les diz freres du Roy de france ⁊

805 1685 1119 109 ses autres gens qui estoient asaint Omer

811 1764 1104 92 a Bruges et y entrerent le uenredy apres

811 1826 1134 95 noel lan dessus dit. et en la dite uille de bru

814 1897 1159 100 ges demourerent iusques enuiron pasqueᷤ

811 1968 1116 91 ensuyuant. et finablement sen partirẽt

811 2036 1107 97 sanz traictie de paix final. mais il proro

817 2092 1128 118 guerent les trieues et de puis aussi furent

820 2183 1116 101 proroguees iusques au premier iour du

820 2245 1163 112 mois dauril Milccclxxui. et pasques furent

817 2316 1154 100 le .uiͤ. iour du dit mois que len dit. CCClxx

817 2393 1169 103 uii. Et enuoia assez tost apres le roy de frã

823 2455 1134 100 ce ses messages a bouloigne pour traictier

820 2520 1146 112 et les messages du Roy dangleterre furent a

823 2591 1146 100 Calays et furent les dites trieues ꝓroguees

820 2658 1143 98 de terme en terme iusques ala natiuite saĩt

826 2726 1143 104 iehan baptiste enẜ qui fu Mccclxxuii. dessus

820 2797 1154 112 diz. Et aloient les deux arceuesques messag̾

823 2856 1146 109 du pape de bouloigne a Calais et de Calais a

823 2924 1157 112 bouloigne en traictant entre les parties. Et

826 2998 1134 100 finablement ia feust ce que le Roy de france

829 3066 1145 109 feust par tous les lieux ou il auoit guerre

832 3131 1139 124 entre les diz Roys plus fort que les anglois

835 3207 1119 110 que aussi par la uolente de nr̃eẜ ⁊ la bonne

832 3272 1134 112 diligence du dit Roy de france tout son fait

832 3352 1169 115 se portast bien et que en toutes choses il feust

832 3417 1142 121 a son auantage et eust en ce temps młt gnͣt

838 3502 1131 95 nauire sur la mer tant de galees dont il a

838 3570 1116 101 uoit .xxxu. sur mer cõme de grant foison

838 3626 1131 121 de barges tout le dit nauire garni de bõnes

841 3694 1125 127 gens darmes et de bons arbalestiers. Tou

841 3774 1125 118 tesuoies pour lamour de dieu et le bien de

844 3848 1145 109 paix pour lonneur et reuerence du pape ⁊ de

847 3919 1116 94 leglise et pour compassion du peuple il fist

847 3981 1139 97 faire moult grans offres par ses gens aus

850 4051 1130 101 gens du dit Roy dangleterre tant de grans

850 4113 1154 121 terres et seigneuries ꝯme de mouuoie reẜue

2056 704 975 110 tousiours alui son hõmage son ressort

2078 776 933 112 et sa souuerainete es terres que le dit re

2075 852 959 113 dangleterre auoit ou royaume de frãce

2075 932 971 100 tant en celles que lors il occupoit de fait

2078 1006 980 97 cõme en celles que le Roy de france li bail

2078 1065 980 103 leroit par le traitie. les quelles gens du

2081 1142 983 100 dit roy dangleterre ne accepterent ne re

2084 1209 965 98 fuserent les dictes offres. mais distrent

2081 1277 989 95 que ilz rapporteroient ces choses ꝑ deuers

2078 1342 971 104 le Roy dangleterre leur seigneur. et de

2081 1422 950 97 denz le premier iour du mois daoust

2084 1493 980 100 ensuynant ou au plus tart dedenz le

2090 1561 959 97 iour de mi aoust ilz on autres depar le

2087 1634 971 86 roy dangleterre en feroient response en

2084 1690 974 89 la uille de bruges a ceuls que le roy de frã

2090 1764 965 86 ce enuoieroit pour ceste cause et se partirẽt

2087 1826 974 80 de Calais la ueille de la saint iehan ⁊ sen

2087 1891 962 95 alerent en angleterre et les gens du Roy

2087 1950 974 109 de france sen retournerent aleur seigne᷑

2093 2021 985 91 a paris. et faillirent toutes trieues le iour

2093 2089 980 103 de celle saint iehan. Et la ueille dicelle .S̾.

2095 2160 978 106 iehan mourut le dit Roy dangleterre E

2090 2233 965 95 douart le quel auoit longuement uescu

2118 2301 935 107 et este Roy dangleterre enuiron .lii. ans.

2101 2369 954 98 Cõment Richart filz du prince de galles

2131 2443 953 89 fu fait Roy dangleterre ses oncles uiuas̃.

2350 2521 708 86 Pres en celi au Mcclxxuii. dessus

2355 2576 682 100 dit le .xuiͤ. iour de Iuillet ensui

2346 2648 709 90 uant Richart filz de feu Edouart

2105 2732 948 89 prince de galles qui auoit este ainsne filz

2104 2788 936 86 du Roy dangleterre et auoit este mort a

2109 2861 918 86 uant le dit Roy dangleterre son pere et

2100 2930 956 84 estoit de .xi. ans daaige ou enuiron fu cou

2095 2990 948 99 ronnez en roy dangleterre en representãt

2104 3051 948 100 la personne du prince son pere. Et toutes

2116 3119 951 115 uoies auoit laissie le dit roy dangleterre

2119 3193 939 100 trois filz cest assauoir messire Iehan duc

2119 3260 930 110 de lencastre messire hemon duc de Can

2122 3320 909 120 tebruge et messire thomas dont młt

2122 3396 927 115 de gens auoient merueille car la mere

2125 3467 915 109 du dit Roy Richart auoit este mariee

2128 3532 930 130 premiere foiz au conte de salbery ⁊ auoit

2128 3606 945 118 este .ui. ans en sa compaignie. et de puis

2131 3668 933 130 elle maintint que un chłr dangleterre ap

2131 3747 953 135 pelle messire Thomas de hollande lauoit

2137 3812 897 118 fiancee auant le dit Coute de salbery et

2134 3874 921 115 lauoit cogneue charnelment et pour ce

2134 3936 915 121 le dit Conte la laissa et le dit chłr lespou

2134 3989 924 151 sa auecques le quel elle fu longuement

2136 4087 925 124 et en ot pluseurs enfans. Et apres la
