3268 5259
154 730 1082 85 qui est sien bien appareillier et ordener po᷑

160 797 1044 82 sa uenue. et la fu gouuerne par ses offi

157 853 1041 102 ciers en sales en chambres et en toutes

154 917 1038 96 choses cõme en tous les autres hostels

149 995 1066 86 du Roy a este. Et estoient en sa compaig

149 1063 1078 91 nie de par le Roy le Seigneur de Concy.

149 1118 1031 97 les Contes de sarebruche et de Brayne.

149 1189 1072 87 Le seigneur de la Riuiere et Iehan le mer

152 1256 1058 85 cier les quelx tous ou la plus gnͣt partie

146 1326 1052 88 lacompaignerent et conduyrent iusq̃s

143 1384 1035 108 hors du. Royaume. Et fu son chemin

137 1460 1052 97 de chasteau thierry a Rains de Rains

140 1530 1040 85 a mouson sans les gistes deutre deux.

146 1592 1026 102 Et en chascun lieu a en presens aussy

140 1665 1032 99 bien es plates uilles cõme es citez et ꝑ

143 1729 1032 99 tout honnorablement et grandement

135 1788 1053 92 receu et festoie cõme il fut a son uenir.

153 1876 1040 91 ¶ Et est assauoir que toute la despense

153 1948 998 76 que lui et ses gens ont faite a Paris

152 2004 1026 82 en hosteleries le Roy atout fait paier

149 2065 1026 105 et deffraier. Et semblablement tous

140 2126 1017 94 les dons qui ualent bien deffraiement

140 2191 1038 96 puis quil entra on Royamue iusques

140 2264 1035 85 il en a este hors combien que ou nom

129 2342 1050 85 des uilles a este fait a este tout au frait

139 2406 1027 87 et despense du Roy . Des lectres de lem

140 2465 1039 92 periere que son chancellier bailla au

127 2537 1044 83 dalphin contenanz les choses desẜ dites.

473 3734 655 96 T lors quant le Roy fu

473 3809 664 73 retourne aparis le chan

476 3856 687 99 cellier de lempereur aporta

467 3926 684 100 au dalphin qui estoit de

458 3999 696 98 uers le Roy et lui presen

1381 743 1066 94 ta les lectres seellees des graces que lempe

1382 803 1047 96 reur lui auoit faites de quoy il mercia

1373 864 1073 91 lempereur. Et enuoia apres le dit chan

1368 932 1090 93 cellier en son hostel un bel hanap dargẽt

1356 999 1093 102 tres bien dore pesant .xx. Mars. et dedenz

1377 1068 1057 97 auoit mil frans dor comptez que le dit

1370 1127 1067 108 dalphin lui donna pour la paine quil a

1373 1200 1097 91 uoit eue de sa besoigne. Cõment la royne

1376 1259 1061 99 de france enfanta une fille en lostel de saint

1388 1329 1032 82 pol aparis la quelle fu nõmee katherine.

1610 1399 839 85 E Ieudy quart iour de feurier

1631 1475 824 88 ensuyuant Milccclxxuii dessus

1639 1545 772 85 dit la Royne de france ot une

1365 1609 1067 82 fille en lostel du roy empres saint pol a

1368 1679 1055 79 paris. et lendemain iour de uenredy fu

1364 1739 1017 92 baptizee en la dite eglise de saint pol par

1359 1809 1077 93 mesẜ Aymery de maignac euesque de pariᷤ

1362 1878 1087 76 Et fu parrain le prieur de sainte katherine

1368 1948 1096 76 ne du ual des escoliers de paris. Et marraine

1353 2010 1084 84 une damoiselle qui aidoit a dire les heures

1344 2068 1099 105 ala dicte Royne appellee damoiselle kathe

1359 2134 1079 109 rine de uilliers. Et fu ce fait par deuocion q̃

1353 2208 1105 85 la dicte royne auoit a madame S̃te katħine

1353 2278 1046 76 et fu la dicte fille appellee katherme Du

1353 2328 1096 94 trespassement de ma dame Iehanne de Bour

1353 2410 1064 90 bon royne de france et de son noble appareil.

1601 2477 836 102 E samedy ensuyuant .uiͤ. iour du

1593 2553 801 85 dit mois de feurier enuiron dix

1592 2622 820 77 heures apres midi la dicte royne

1337 2690 1088 79 trespassa de ce siecle ou dit hostel de .s̾. pol dõt

1346 2751 1074 84 le roy fu młt troublez ⁊ longuement. et si

1342 2820 1083 81 furent młt dautres bonnes personnes car

1335 2883 1108 97 ilz sentreamoient tant cõme loiaux mariez

1330 2953 1087 85 peuent amer lun lautre. Si fu gardee ou

1327 3015 1099 99 dit hostel pour ce que lordenance de son en

1327 3088 1084 87 terrement peust estre faicte conuenablem̃t

1330 3149 1084 102 iusques au dymenche .xiiiiͤ. iour ensuiuãt

1332 3216 1076 103 Et ce pendent chascun iour ꝯtinuelment a

1330 3286 1081 97 matin len chantoit messes ou dit hostel ⁊ a

1327 3351 1061 79 pres disner uigiles de mors ou quel iour de

1324 3412 1093 96 dymenche a pres disner le corps fu porte nota

1321 3468 1108 105 blement sur .i. biau lit noblement aourne

1321 3543 1073 91 et conuert de biaux draps dor sur le blanc

1318 3614 1131 90 et un biau poille dor uermeil sur .iiii. lances

1300 3675 1105 93 que le preuost des marchans de paris ⁊ les

1324 3742 1090 102 escheuins portoient. Et les seigneurs de ꝑ

1318 3809 1076 88 lement estoient enuiron le lit ou le corps

1315 3875 1066 99 gisoit et tenoient le poille qui estoit sur

1315 3947 1052 87 le lit tout au tour si cõme il est acoustu

1318 4026 1055 99 me a faire aus roys et roynes de france.
