3311 5259
812 629 991 98 pueent estre cele legierem̃t. et se mon

806 707 1020 90 douz mez regardoit et iugoit bñ ⁊ dilige

809 774 1008 96 aum̃t en sõ cuer cõment les choses sont

815 850 982 82 alees il trouueroit que son pere fu occis

809 914 1014 88 ꝑ la tricherie ⁊ par la desloiaute de li pour

809 981 985 88 la quelle chose ie li ꝓmet ⁊ aide ⁊ secours

812 1043 991 102 en toutes manieres et moy ⁊ mes ꝯpaĩ

815 1116 991 96 gnõs a aidier a uengier la mort son ꝑe

812 1186 1005 90 de la quelle ie sui młt dolent q̃ ie ay ꝑdu

812 1256 1017 90 mõ frere ⁊ mõ ami qui młt me amast se

812 1323 999 91 il fust en uie. Apres ceste parole il ꝯf̾me

812 1393 1020 91 rent les aliances et donnerent ostages de

809 1452 1037 96 une ꝑt ⁊ dautre si sen ꝑtirent a tãt les mes

809 1530 1005 94 sages. Le roy chilꝑic fist ses oz assãbler

815 1603 1005 82 ⁊ uint pour le pais gaster ⁊ pour prendre

815 1665 996 85 les citez ⁊ les uilles du royaume gontrã

812 1723 1014 103 Leᷤ dux ⁊ les cheuetains enuoia en diu̾

812 1805 1014 91 ses ꝑties pour prendre la cite de bourges.

815 1875 1011 85 Le duc berulphes les enuay dune part

818 1945 999 85 qͥ estoit cheuetain des thoringes ⁊ des an

815 2010 991 96 geuins. desiers ⁊ blacastes dautre ꝑt et

815 2083 988 93 gnͣt multitude de gens le roy leur ot a

815 2150 996 87 uant ꝯmãde q̃ il preissent les foiz ⁊ les

815 2205 1023 97 ẜem̃s des citez quil prendroient en sõ nõ

818 2287 990 91 Mais les b̾ruiers qui de leur uenue fu

815 2357 993 82 rent gͣrnis uĩdrent encontre le duc de

815 2416 1023 105 sier a .xuͫ. hõmes a .i. chastel qui estoit nõ

812 2495 1005 90 mez mediolans a lui se combatirẽt en

815 2565 991 87 dem̃tres quil se combatoient les autres

812 2632 1002 96 dux assistrent la cite. Le roy chilperic se

818 2705 1017 93 hasta młt de eulz ensuiure ses oz fist pas

818 2769 1028 97 ser ꝑmi paris. ia soit ce que les oz childe

824 2848 982 97 b̾t son neueu ne furent mie encore ue

824 2921 1019 91 nues mais il auoit aucuns de ses pͥnces

818 2988 1008 82 ẽ sa ꝯpaignie. tout le pays alerent gast

821 3053 996 99 ant ⁊ robant iusq̃s a meleun puis q̃ il

821 3114 1014 102 orẽt passee la terre de paris. le roy gontnͣ

824 3190 987 93 qui bñ se fu pourquis ne doubta pas a

824 3251 987 97 uenir ꝯtre eulz a bataille. sõ ꝯfort ⁊ ses

824 3324 984 94 ꝑance estoiẽt du tout en nr̃eẜ. La nuit

827 3380 990 99 ap̾s issi de ses h̾berges aussi cõme po᷑ sõ

824 3450 993 99 ost eschargueter une ꝯpaignie de ses ẽ

824 3529 1005 93 nemis ẽtontra qui des autres sestoient

827 3596 1002 96 ꝑtiz pour gaaignier sus eulz courut et

824 3666 987 91 les ot desconfist assez briefmẽt. Lende

821 3733 1020 97 maĩ ꝙͣt les oz furent armees ⁊ appeillie

821 3792 1022 105 es dime ꝑt ⁊ dautre ⁊ q̃ elles estoiẽt aus

824 3862 1019 99 si ꝯme a lassambler aucuns prendeshõ

827 3944 1019 90 mes qͥ auoiẽt pitie du pueple ⁊ des roys

820 4011 1012 90 qui freres g̾maĩs estoient se traueillie

2019 621 1002 106 rent tant que la pais uint et fu entre eꝰ

2019 707 996 93 cõcordee et aliance fermee si ꝓmistrent

2019 771 991 99 q̃ lũ amẽderoit a lautre ce q̃ il li auoit

2019 844 991 96 meffait. Le roy chilꝑic cõmanda a sa *

2019 911 979 94 gẽt quil se tenissent de tollir ⁊ de embler

2019 978 988 91 ⁊ de rober. le pays pas ne sen uouldrent

2019 1048 996 85 souffrir dont le roy fu courroucie que il

2016 1113 1031 96 feri le conte de rouen dun glaiue ꝑmi le

2016 1186 1031 96 corps en telle maniere refraint ⁊ refrena

2019 1247 1023 96 la rapine des autres. les proies quil auo

2022 1323 1040 96 iẽt prises fist rendre les prisons q̃ il auoit

2022 1394 1022 84 pris rendi touz. A ceulz qui la cite de bo᷑

2028 1454 1008 100 ges auoient assise manda quil sẽ alas

2025 1528 993 93 sẽt mais en leur retour fu tout pris de

2022 1598 979 90 maĩs ce que li oeil porent choisir. Le

2022 1662 985 93 roy childeb̾t tenoit son ost dautre ꝑt *

2022 1732 1031 88 tout ensẽble en une champaigne. Le nur

2022 1802 1008 88 mure ⁊ la noise du menu pueple mõta

2025 1869 996 91 a mie nuit touz fremissoient de ire ⁊ de

2025 1925 1037 105 mantalãt contre gylon larceuesq̃ de raĩs

2025 2004 1008 87 ⁊ u̾s les aut̾s dux de lost ⁊ crioiẽt en tele

2025 2068 996 108 man̾e. Ceulz deuroiẽt este ostez de la p̾sẽ

2028 2147 993 90 ce ⁊ de la compaignie le roy qui son roy

2022 2208 1011 103 aume li hõnissent ⁊ le sousmetent a au

2025 2278 1011 91 trui seignourie. Au plus tost quil porẽt

2028 2351 987 91 apꝑceuoir le iour il uindrent au tref le

2028 2419 1025 99 roy touz armez pour occirre larceuesque

2028 2492 1017 96 gylbon. Qnͣt il aꝑpcut le peril ou il estoit

2028 2559 1028 90 il mõta ⁊ sen fin a pou degent au plꝰ tost

2031 2626 1014 94 q̃ il pot tant ꝑauoit grant paour quil

2031 2690 1022 100 nosa reprendre une bende dont il couuro

2028 2772 1008 91 it sõ chief qui cheue li estoit. Celui fu

2031 2839 1002 97 en gnͣt bñfice nauoient pas cheuaux *

2031 2915 1011 88 apꝑeilliez pour lui ensuiure en la cite de

2033 2980 1017 87 sens rains se feri tant ꝯme il apꝑeilloiẽt

2033 3050 1006 93 pour li chacier. Le roy gontran rendi

2036 3117 1011 90 au roy childeb̾t sa part de la cite de mar

2033 3190 985 85 seille q̃ il tenoit contre sa uolente. Le

2039 3251 1006 85 roy chilꝑic retarda les noces de sa fille

2036 3320 1034 89 q̃ il auoit donnee au roy despaigne po᷑

2039 3383 1017 96 le duel quil auoit de la mort dũ siẽ filz

2036 3459 1009 96 dont nous auõs lassus ꝑle. Les messa

2039 3526 991 91 ges qui en espaigne estoient meuz fist

2036 3599 994 88 rappeler ap̾s ceulz enuoia ant̾s batãt

2036 3666 1017 88 qui denõcierẽt quil ne pooit celebrer les

2033 3730 1018 94 noces ou temps quil auoit establi po᷑

2033 3789 1020 102 le duel de sõ filz. mais les messages qͥ

2036 3868 991 90 retournez furent le tenoiẽt młt p̾s de

2033 3938 1012 96 la besoigne pour ce se pourpensa que il

2032 4008 1018 91 enuoieroit la uue seue file quil auoit
