3242 5248
137 665 1015 78 en auoit un tresgrant qui continuoit le

131 714 1059 93 lone de la table. Et tous les pilliers et fenes

128 787 1039 93 trages derrieres la table houssez de drap dor

128 836 1033 105 tres richement. et le dayz aussi ¶ Apres

128 903 1074 111 le Roy des romains seoient trois euesques

125 973 1083 99 bien loing de lui iusques ala fin de la table.

122 1052 1053 96 leuesque de brusseberc. Leuesque de paris et

126 1135 1002 85 leuesque de Beauuaiz ¶ Alautre days

125 1177 1065 97 qui estoit entre la table de marbre et parle

122 1250 1039 88 ment seoient premierement le duc de xas

125 1317 1062 94 soigne. Le dalphin de uiennois ainsne filz

125 1393 1039 88 du. Roy. et apres seoient les ducz de berry

125 1466 1033 87 de breban. de bourgoigne le filz du. Roy.

125 1530 1056 102 de nauarre. Le duc de bar. le duc henry. et

128 1594 1068 99 en la fin de la table le chancellier de lemꝑeur

128 1658 1059 105 qui nestoit pas euesque. Et ne seoient pas

125 1728 1056 94 les ducz de bour bon. le conte deu. Le seigne᷑

116 1790 1062 99 de coucy et le conte de harecourt. mais estoi

119 1874 1024 91 ent entour le dit dalphin pour lui tenir

119 1941 1059 88 compaignie et garder de presse. Les aut̾s

113 2008 1048 102 ducz et princes mengoient aus autres.

125 2087 1030 82 dayz par belle et bonne ordenance ¶ Sur

113 2131 1051 99 le dayz ou mengoit le dit dalphin auoit

116 2215 1010 97 un ciel palle de uelmau et de drap dor qui

116 2285 1033 94 couuroit tout le lonc de la table. et aussi

113 2355 1007 88 estoit couuert le dayz demesmes. Et est

125 2419 1050 88 assauoir que la sale du grant palais estoit

122 2492 1056 82 continuee et paree de tapiz de hault liche

125 2554 1018 90 aymages tout au tour si bien ordenez ⁊ si

119 2624 1042 87 a point mis que les roys qui sont de pier

122 2699 986 91 re tout autour nestoient point occupez

113 2771 1021 84 ne empeschiez de ueoir ¶ Et y auoit en la

113 2842 1038 82 dite sale cinq dayz a compter celui de la ta

116 2900 1027 88 ble de marbre et trois dressouers auin tres

116 2965 1042 96 richement parez et garinz de uaissele. Celi

113 3040 1045 88 qui estoit le plus grant et le plus prochain

107 3096 1045 90 entre le grant et le secont dayz on conig de

107 3166 1048 93 la dite sale estoit garni le plus de uaissele

107 3239 1048 99 dor et de grans flacons dargent esmailliez

116 3300 1048 93 Le secont qui estoit empres le siege des re

110 3373 1033 93 questes estoit tout conuert de poz flacons.

113 3437 1054 93 et autre uaissele doree tant quil y en pouoit.

113 3498 1057 88 Et le tiers qui estoit bien auant ou milieu

105 3568 1033 88 de la sale soubz une des arches estoit tant

107 3635 1039 96 quil en pouoit dessus garni de uaissele dar

116 3702 1059 99 gent blanche a seruir cõmuinelment la sale.

119 3769 1030 88 Et estoient le grant dayz et le secont ⁊ toꝰ

107 3842 1039 82 les diz dressouers auironnez garnz ⁊ def

90 3901 1048 93 fenduz de bonnes barrieres coullisses ⁊ paliz

97 3979 1049 95 tout au tour et bien aguisiez par dessus et

1345 644 1109 93 ny pouoit on entrer que par certains pas qui

1345 714 1074 96 estoient gardez et deffendus par cheualiers

1348 784 1079 81 a ce ordenez. Et menga bien en la dite sale

1345 845 1091 87 par le raport que en firent les heraulz .uiiiͤ.

1345 915 1094 99 cheualiers sans les autres genz. Et cõbien

1348 997 1079 78 que le Roy eust ordene quatre assietes de.xl.

1348 1058 1062 79 pere de mes toutesuoies pour la greuance

1339 1125 1083 87 de lempereur qui trop longuement eust sis

1342 1189 1094 93 atable en fist le Roy oster une assiete ⁊ nen

1336 1253 1068 85 serui len que de .iii. qui furent de .xxx. pere

1333 1320 1068 88 de mes sanz les deux entre mes qui furent

1352 1394 1049 84 telz qui sensuit. ¶ Lystoire et lordenance

1330 1466 1074 82 fu cõment Godefroy de buillon conquist la

1330 1527 1089 91 sainte cite de iherusalem. et fist le. Roy faire a

1327 1597 1100 99 ꝓpos ceste hystoire que il li sembloit q̃ deuant

1327 1658 1103 97 plus grans en la xp̃iente ne pouoit on ramẽ

1327 1740 1106 85 teuoir ne donner exemple de plus notable fait

1327 1798 1074 91 ne a gens qui mieulx peussent deussent et

1324 1865 1092 100 fussent tenus tele chose. faire et entreprendre

1324 1921 1106 114 on seruice de dieu ¶ Et pour mieulx figurer

1318 1994 1106 108 la besoigne et plus plainement la cognoistre

1330 2085 1071 84 fu fait ce qui sensuit ¶ Ou bout de la sale

1321 2137 1095 93 du palais qui estoit entreclos telement que

1327 2209 1092 97 on nen pouoit riens ueoir par dehors auoit

1318 2285 1077 85 une nef bien faconnee aforme dune naue

1316 2349 1082 91 de mer garnie de uoille et de mast chastel de

1313 2416 1088 100 uant et derriere et de tous autres abillemẽs

1316 2489 1065 88 et ordenances qui appartiennent a nef pour

1321 2554 1086 93 aler sur mer. Et estoit si ioliement painte ⁊

1318 2618 1051 93 abilliee ⁊ tres richement et plaisaimuent

1318 2696 1098 85 et dedenz estoit garnie de genz par semblance

1316 2766 1106 94 armez bien ioliement. et estoient leurs cotes

1316 2825 1094 90 darmes leurs escuz et banieres des armes de

1316 2903 1094 97 iherusalem que Godefroy de buillon portoit

1316 2973 1129 79 et iusques adouze estoient come dit est armez

1310 3032 1132 102 des armes des notables cheuetaines qui furẽt

1318 3105 1124 90 a la dite conqueste de iherusalem auecques

1316 3169 1108 99 le dit godefroy. Et estoit au deuant sur le

1313 3227 1114 111 bout de la dite nef pierre lermite en lordenã

1318 3309 1112 90 ce et maniere et au plus pres quil se pouoit

1316 3358 1076 96 faire selon ce que lystoire raconte. Et fu

1318 3431 1109 96 la dite nef mise hors agens qui couuertem̃t

1316 3498 1106 93 estoient dedenz. Et fu menee tres legierem̃t

1318 3568 1115 99 par le coste senestre du dit palais et si legiere

1318 3641 1063 90 ment tournee que il sembloit que ce fust

1316 3702 1108 85 une nef flotant sur leaue. Et ainsi fu ame

1321 3769 1065 94 nee iusques au grant dayz ou dit coste de

1318 3839 1118 88 lautre part qui fu le destre coste de la dite sale.

1321 3903 1086 94 Et apres ce fu mis hors de la place dencoste

1324 3979 1062 100 ou la dite nef estoit partie un entremes
