3289 5252
198 681 1059 121 obstãn ꝙ postꝙͣ intrauerunt conclaue ro

201 776 1091 84 mani ut moris est non permiserunt ut por

201 828 1048 114 ta conclauis muraretur. ymo postꝙͣ dñi

198 901 1077 105 iam lectum intrauerunt cum magna dif

198 980 1062 99 ficultate custodes conclauis dictam portã

201 1050 1056 108 cum quadã barra lignea caudere ꝑmissi

195 1126 1021 99 sunt. Et ex post occupauerunt palacium.

201 1193 1036 87 et specialiter partem illam que de directo

201 1269 1083 87 erat subtus conclaue. solarium dẽi concla

192 1327 1074 85 uis ictib et percussionib tota nocte cõmo

192 1394 1086 99 uentes et eciam existentes armati ut płi

192 1464 1068 97 mum quasi sine int̾missione clamantes

201 1523 1065 105 Romano lo uolemo ou ytaliano. Et aliqͥ

195 1604 1065 79 se asserunt audiuisse aliquos clamãtes.

195 1671 1059 91 Moriantur. Et ita continuauerũt cla

192 1741 1013 91 mores istos us in crastinum adeo ꝙ

192 1806 1068 99 uix aliquis de dñis de tota nocte dormi

198 1887 1048 88 uit. Post uero arca auroram fatigati

201 1954 1033 82 aliquo modico tẽpore a clamorib quie

195 2007 1051 102 uerunt. Demum audientes dc̃i dm̃ mis

195 2074 1062 102 sas suas clamores consuetos resumpser̃t.

204 2167 1027 94 ymo ualidiores ꝙͣ prius. sic ꝙ uix mis

198 2240 1065 73 sas audire et intelligere potuerunt. Qui

198 2299 1036 87 b auditis dum dñi cardinales se dispo

195 2360 1059 96 nerent in fc̃o electionis. campane capitolii

192 2421 1074 97 et ecclĩe scĩ petu que erat ꝓpe palacium in

192 2500 1068 96 ceperunt pulsari ad martellum pro con

198 2564 1033 102 gregacione tocius ppłi ad rumorem. Et

198 2640 1021 88 tunc forcius ppłs more solito cũ magno

195 2701 1048 88 furore incepit clamare. Romano lo uole

195 2771 1024 94 mo in almento ytaliano. Fuerunt etiã

192 2841 1045 82 dñi cardinales aduisati per illos qui ab

195 2909 1056 90 extra custodiebant conclaue. quoꝵ aliqui

192 2981 1024 94 erant ultra montam aliqui romani. ꝙ

192 3046 1045 93 nisi statim statim sine aliqua morosa de

186 3101 1071 105 liberacione eligerent romanũ uel ytalicũ

189 3177 1036 87 om̃s cardinales erant in periculo ꝙ inci

189 3238 1071 111 derentur per frustra. ꝓꝑter quod dñi cardi

189 3320 1051 90 nales ultia montani ꝓpter uitandum

192 3378 1045 102 mortis periculum ał non facturi. put eciã

192 3448 1054 100 tunc dixerunt. condescenderunt ut ytalicus

192 3510 1039 105 elig̾etur. Et quia eciã ex dñis cardĩalib

192 3591 1057 108 ytalicis aliqui dixerunt ꝙ ueraciter si eli

195 3673 1024 82 gerentur non acceptarent elcõnem cum

189 3743 1019 82 uiderent eis notorie impressionem fieri :

192 3804 1024 97 om̃s simul uolentes uitare mortis peri

189 3880 1013 82 culum cui procul dubio subiacebant qͣsi

195 3950 1024 91 ex arrupto et sine alia discussione meri

192 4014 1007 85 toꝵ et status uersone noĩauerunt dictum

195 4079 1048 134 dñm bartholomeum tũc archiep̃m barẽn.

1435 707 1073 95 et ip̃m tamꝙͣ eis ut credebant magis notũ

1435 784 1074 85 et in factis et morib curie magis expertum.

1435 837 1077 108 licet sequens experiencia contrarium osten

1432 904 1051 93 derit manifeste elegerunt in papã. Et eorũ

1435 989 1074 99 aliqui tunc dixerunt ꝙ eligebant ip̃m aĩo

1432 1056 1083 102 et ꝓposito ꝙ ip̃e esset uerus paya. timore tñ

1432 1114 1054 111 mortis in eoꝵ aĩs continuo perdurante.

1438 1199 1039 84 Excepto uno dño cardinali ytalico Ro

1432 1257 1054 99 mano qui dixit ꝙ pp̃ notoriam ĩpressio

1430 1333 1041 90 nem quã uidebat nec sibi nec alteri daret

1430 1394 1044 99 uocem suam nisi prius cessaret ĩpressio

1432 1470 1069 88 et ẽet in sua libertate. et uno ultramonta

1430 1534 1053 99 no qui primo unũ de cardinalib ytali

1430 1607 1062 85 cis noĩauit. licet postea timore mortis ad

1430 1671 1106 108 heserit barẽn predicto. Et uno alio dño car

1430 1738 1062 111 dinali ultramontano qui noĩando ip̃m

1430 1817 1085 88 ꝓtestatus fuit ꝙ nulla propter ĩpressionẽ

1424 1890 1065 97 poterat fieri electio. s ip̃m noĩabat timore

1427 1951 1053 100 mortis. et saluo ꝙ unus ultramontanꝰ

1427 2027 1088 100 priusꝙͣ hoc fuit protestatus solenniter co

1427 2097 1056 85 ram notario publico ꝙ si conting̾et ip̃

1430 2167 1059 88 consentire in aliquẽ ytalicum. hoc faceret

1424 2235 1071 87 dũ taxat timore mortis alias nõ facturꝰ.

1430 2307 1079 82 Et ulterius dixerunt aliqui dñi cardina

1430 2369 1073 84 les inter se. ꝙ uolebant et intencio eoꝵ erat

1427 2433 1071 93 facere sicut fuit alias fcm̃ ut per cronicas

1427 2512 1039 78 apparet. scil ꝙ ꝙͣ primum cõmode possent

1424 2579 1030 82 se sederent ad locum tutum et securum et

1424 2640 1047 99 tunc ip̃i cum reeligerent de nouo. Demũ

1418 2698 1042 94 dm̃ cardinales ad ppłm tumultuantem

1421 2774 1077 91 et iam dispositum ad rumpendũ conclaue

1421 2844 1050 88 miserunt. Et quia non audebant eis exi

1415 2903 1062 99 stentib in illo furore publicare electionẽ.

1421 2981 1050 100 per tres pͥmos dños cardinales fecerũt eis

1412 3051 1078 88 dici et permitti et ꝑmiserunt ꝙ infra diem

1412 3118 1110 88 crastinam ante horam terciaꝵ consolarent᷑

1415 3180 1045 90 eos de papa romano uel ytalico. Et fecer̃t

1409 3247 1059 90 rogari ꝙ recederent. quod diu facere renue

1412 3323 1091 82 runt. non ꝑmittentes intrare cibaria dñoꝵ

1415 3375 1036 105 eis portata pro prandio cuius hora iam

1418 3454 1065 94 instabat ¶ Demũ recesserunt de una do

1412 3513 1059 102 mo aute conclaue existẽn. Sed nullatenꝰ

1409 3588 1083 100 nec palacium exire nec aima deponere no

1415 3655 1056 100 luerunt. Interim dñi miserunt pro mł

1412 3731 1065 102 tis prelatis inter quos iste tunc barẽn et

1409 3790 1004 116 iam per modũ supra dc̃m electus fuit.

1412 3877 1083 91 qui uenit et indit ppłm furientem et au

1412 3936 1024 105 diuit clamores predictos et ip̃ius ppłi

1409 4003 1077 99 furientis et totam uiolenciam et impres

1412 4087 1045 114 sionem frãm per totam diem. Et ab in
