3386 5338
813 705 1095 125 du corps du dit monẜ de Bourgoigne

824 794 1104 92 cõme dit est faudroit par quoy en aucũ

827 880 1125 80 temps auenir la Conte de flandres es

822 940 1083 100 cheist a fille ou a autres hoirs masles

824 1023 1078 83 et fumelles le Roy et ses successeurs

830 1085 1113 98 Roys de france pourront en ce cas rauoir

827 1162 1098 92 les dites uilles chasteaux chastellemes

827 1230 1098 83 appartenances et appendances en baillãt

827 1292 1060 104 .x. Mile liurees de terre a heritage par̃

824 1352 1072 112 monnoie de flandres courant le .uiͤ.

827 1423 1101 104 iour du mois de nouembre lan M CCC.

824 1506 1090 86 lu. Cest assauoir le Mart dargent au

827 1562 1078 98 marc de Troyes pour .Cxuiii. solz par̃.

827 1628 1087 97 aus hoirs de monẜ de flandres Contes

830 1696 1122 95 ou Contesses de flandres assises enfranc

822 1773 1095 89 demaine bien et souffisaument. Cest

827 1838 1063 89 assauoir le cinq mile liurees de terre

824 1900 1084 95 dedenz le Royaume de france entre la

830 1966 1110 100 Riuiere de Sõme et flandres en descen

827 2049 1087 86 dant iusques ala mer. Et les autres

830 2114 1110 83 cinq Mile liurees de terre pres des Con

827 2185 1098 80 tes de neuers ou de Rethel. Et ou cas

824 2241 1137 100 quil plaira au conte ou contesse de flan

822 2324 1083 102 dres qui sera ou temps du rachat il

827 2402 1110 77 aura pour les dix mile liurees de terre

824 2470 1087 80 dessus diz qui se deuront asseoir pres

824 2526 1128 95 des Contez de neuers ou de Rethel cõme

819 2591 1101 116 dit est argent. Cest assauoir pour le

822 2669 1118 91 deuier de Rente .xu.đ paiez a une foiz

827 2731 1119 101 monnoie de france ou .xx. đ paiez tout

827 2802 1128 101 a une foiz de la dite monnoie de flandres

827 2867 1137 107 le quel quil plaira mieulx au Conte ou

827 2950 1113 89 Contesse de flandres qui sera ou temps

827 3007 1075 121 du dit rachat. le quel rachat se le dit

824 3084 1128 92 duc de Bourgoingne aloit de uie atres

839 3155 1113 110 passement sanz laissier hoir masle pro

836 3220 1116 98 cree de son corps et du corps de la dite du

833 3300 1107 101 chesse que dieux ne weille le roy ne ses

839 3368 1125 98 successeurs ne pourront faire durant la

842 3440 1101 109 uie de la dite duchesse de Bourgoingne

845 3508 1098 104 tant que elle se tendra de remarier. on

848 3570 1101 101 elle se marie de la uolente et assentemẽt

842 3644 1107 101 du Roy nr̃eẜ ou de ses successeurs Roys

839 3712 1131 101 de france. Et tenront les successeurs du

842 3778 1122 106 dit Conte de flandres Contes ou contes

848 3855 1095 98 ses de flandres les dites .u ͫ. liurees de

851 3926 1101 98 terre qui seront assises entre la Riuie

857 3991 1089 86 re de Sõme la conte de flandres et la

851 4059 1092 101 mier cõme dessus est dit en un hõmaige

851 4128 1109 124 auec la conte de flandres et en ꝑtie aussi

2083 723 955 113 noblement cõme la dite Conte deflã

2080 809 973 119 dres est et doit estre tenue de la courõne

2077 884 955 106 de france. Et auec ce ilz tenront les

2086 957 952 107 autres .u ͫ. liurees de terre qui seront

2086 1036 975 101 assises cõme dit est pres des diz contez

2083 1106 955 98 de neuers ou de Rethel aune foy ⁊ a

2086 1171 961 104 un hõmaige apar lui aussi noblemẽt

2086 1236 961 110 cõme celle des dites coutez dont elles se

2092 1304 923 104 ront plus pres assises est tenue de la

2092 1376 949 97 couronne de france. Et les dites uiles

2086 1438 955 104 chasteaux Chastellemes de lille de dou

2086 1515 967 98 ay et dorchies et toutes les appartenan

2089 1586 949 81 ces et appendances dicelles tenront le

2083 1651 961 89 dit monẜ de flandres ses hoirs masles

2083 1702 964 112 la dite duchesse de Bourgoingne sa fille

2083 1785 970 95 ses hoirs masles leurs hoirs ⁊ successeur.

2086 1853 952 80 contes et contesses de flandres en un hõ

2089 1915 961 92 maige et en partie auec la Conte de flan

2092 1980 943 92 dres. Et aussi noblement que le dit mõ

2095 2055 940 80 seigneur de flandres tient ⁊ doit tenir

2092 2105 955 101 la dite conte de flandres reserue au Roy

2095 2167 931 107 et a ses diz successeurs roys de france

2095 2256 965 83 le fie ressort et souuerainete des dites

2098 2313 940 97 uilles chasteaux chastellenies de lille

2091 2398 952 79 de douay et dorchies et des appartenãces

2104 2458 925 98 et appendances dicelles et les droiz roy

2104 2538 922 83 aulx que les predecesseurs du Roy y a

2104 2606 916 80 uoient on temps que elles estoient

2106 2660 923 106 es mains des contes de flandres prede

2104 2731 925 95 cesseurs du dit monẜ de flandres. Et

2106 2793 929 104 aussi reserue au Roy et ases diz succes

2106 2876 944 92 seurs Roys de france le rachat des di

2106 2927 944 112 tes uilles chasteaux chastellenies appar

2106 3013 932 88 tenances et appendances ou cas ⁊ par

2104 3078 937 89 la maniere et condicions dessus diz. Et

2112 3146 928 95 ne seront tenuz les hoirs du dit monẜ

2109 3210 950 102 de flandres contes ou contesses de flanđ

2109 3289 931 91 de baillier et rendre y ceuls chasteaux

2118 3352 920 99 uilles chastellenies appartenances et

2124 3413 904 98 appendances es mains du Roy du de

2121 3478 905 107 ses successeurs roys de france Iusq̃s

2118 3543 914 116 a ce que les dites .XM. liurees de terre

2121 3612 935 115 pariẜ monnoie de flandres dessus dite

2121 3683 943 115 leur seront assises plainement en frãc

2115 3753 917 114 demaine et deliurees par la maniere

2118 3816 914 116 dessus declaree et quilz en aient la pai

2121 3891 926 112 sible possession Realment et de fait. les

2121 3960 922 117 quelles uilles chasteaux chastellenies

2127 4015 923 130 appartenances et appendances quelz con

2127 4093 954 123 ques de lille de douay et dorchies le Roy
