3281 5259
143 674 1038 103 la paneterie et est de biauuoisin. et a un sien

152 762 1038 82 cousin qui sert le . Roy en sa cuisine ou en la

149 826 1023 79 fructerie. le quel drouet le roy de nauarre

143 888 1053 102 doit enuoier par deuers mesẜ Charles son

143 952 1047 96 filz soubz umbre dautres besoignes. Mais

146 1034 1023 79 pour ceste besoigne se doit traire deuers le

143 1092 1035 100 dit Iaquet dedenz pasques prochaines ou

143 1168 1044 82 la .xuͤ. ensuiuant. Et apres doit uenir de

143 1232 1058 94 uers son dit cousin et par lacointance diceli

146 1305 1032 85 cousin doit repairier en lostel du. Roy. et

146 1376 1041 84 par ainsi doit proceder a mectre a execucion

146 1443 1038 85 son fait. et se doit faire par mengier. Et a

143 1510 1032 93 faites les poisons une Iuyne qui demeure

149 1583 1058 91 en nauarre. Et a esperance le dit drouet que

146 1650 1044 94 son dit cousin soit de son aide en ce fait. Et

146 1709 1032 99 ces choses scet le dit Iaquet par ce que le roy

149 1790 1035 88 de nauarre meismes les lui dist enuiron

146 1861 1079 81 .xu. iours apres que monẜ charles son filz

149 1934 1052 87 se fu nagueres parti de lui. Car le dit Iaq̃t

149 1998 1052 85 demoura tant deuers lui apres le partir des

146 2065 1050 79 autres. et aussi les lui dist le dit Iaquet et

149 2124 1047 108 est un petit grosset sanz barbe de la age den

139 2214 1040 82 #uiron .xxuiii. ans ou .xxx. ¶ Dit oul

152 2267 1044 99 tre que pour ce que le roy de nauarre senti

152 2349 1020 90 que fen guerait mal sergent qui estoit

149 2419 1032 84 son bailli deureux auoit a cointance au

149 2474 1082 94 Roy nostre sire. et quil estoit son bien uueil

149 2544 1061 100 lant il ordena et manda a maistre pierre.

149 2620 1035 97 du tertre que il le feist mourir ⁊ uouloit

154 2687 1047 88 que il mourut es tenebres deuant pasques

149 2758 1055 87 Mais pour ce que leu failli ale tuer en tene

143 2828 1047 87 bres le dit maistre pierre si cõme il oy dire

137 2880 1067 105 le fist murdrir es feriez de pasques ensiuãt

143 2962 1035 91 a lentree dune nuit en plaine Rue. et fu

143 3023 1044 94 fait eniuron a .ui. ans. Ainsi la oy dire

152 3102 1003 97 le dit Iaquet et le tenir communelment .

239 3167 977 93 Dit auec ce que passez sont .uii. ans ou en

152 3237 1058 90 uiron auant que le Roy de nauarre uenist de

149 3313 1044 81 uers le. Roy de france a uernon ycelui Roy

154 3377 1030 93 de nauarre cuida faire prendre Meullenc ꝑ

143 3447 1041 99 deuers le coste de chartain. et fu ordene de

146 3514 1050 94 mectre cinquante hõmes darmes nauar

152 3579 1046 105 rois en embusche assez pres de la porte pour

149 3657 1023 82 y entrer tantost que la porte se ouuerroit.

149 3725 1055 84 et en estoient Capitaines Bernardon despe

149 3792 1058 93 lot et un autre nauarrois. Et aussi fu orde

146 3862 1067 91 ne de mectre en une autre place assez pres dilec

149 3923 1049 97 CC. hõmes darmes dont saint Iuhan estoit

149 3990 1035 97 Capitaine pour uenir conforter les autres

154 4061 1044 87 cinquante dessus diz quant ilz seroient en

1359 678 1044 90 trez dedenz et pour tout auitaillier le lieu si

1365 745 1047 93 que ilz le peussent tenir contre le Roy. Mais

1362 823 1041 94 celle iournee la porte de celle partie ne se ouuri

1368 894 1059 87 pas. et ainsi fu la dicte emprise de nul effect. et

1365 952 1044 102 se scet par ce que il fu ou conseil de ces choses.

1371 1028 1079 88 ¶ Dit oultre que enuiron noel derrenierem̃t

1368 1083 1079 106 passe ot trois aus. monẜ Pħe dalencon qui fu

1365 1168 1085 97 arceuesque de Rouen enuoia deuers le dit roy

1364 1235 1042 76 de nauarre et lui fist sauoir que uolentiers

1356 1300 1056 87 salieroit auec lui contre le. Roy de france. Et

1356 1367 1071 99 lors le dit roy de nauarre renuoia deuers le

1365 1443 1079 96 dit arceuesque Sancho lopiz et le dit Iaquet

1365 1498 1088 103 pour sauoir et lui rapporter plus clerement de

1362 1580 1079 94 son entencion et uolente. Et dit que le dit ar

1365 1650 1073 85 ceuesque leur dist que uolentiers salieroit a

1368 1726 1050 85 uecques lui par la maniere que dit est. Et

1368 1785 1076 96 que combien quil feust clert si se armeroit il

1365 1852 1053 90 uolentiers en sa personne et se mectroit si auãt

1368 1925 1056 82 en la dicte guerre cõme cheualier qui y feust.

1371 1983 1053 105 Et disoit quil se faisoit fort du Conte du ꝑche

1365 2062 1070 100 son frere quil seroit de ceste aliance. Et aussi

1365 2126 1079 97 se faisoit fort quil auroit tous les chasteaux

1365 2200 1094 111 de madame sa mere a son plaisir. mais de mõẜ

1365 2267 1082 99 dalencon ne du Conte destampes ne se faisoit

1368 2346 1047 90 il mie fort. Et dit que le traictie se reprist ꝑ

1365 2410 1079 96 deux foiz. mais les dictes alliances ne se firẽt

1362 2483 1076 99 pas pour ce que le roy de nauarre le ueoit trop

1359 2546 1022 101 foible et par ce nen tint compte. ¶ Dit

1368 2620 1064 85 oultre le dit Iaquet que enuiron a uii. ans

1368 2687 1067 94 que le dit roy de nauarre uint en bretaigne ⁊

1368 2755 1062 87 uint par Clicon ou estoit le sire de Clicon. et

1365 2816 1073 108 lui fist le dit sire de clicon tresbonne chiere

1368 2883 1076 94 et tresgrande et le y receupt młt honorable

1368 2965 1067 96 ment. et dilec uindrent a nantes et ilecq̃s

1371 3041 1070 88 le dit roy de nauarre dist au dit duc qui su

1371 3099 1050 94 quil ameroit mieulx mourir que souffrir

1368 3164 1076 93 tele uilonnie cõme le Sire de clicon lui fai

1371 3237 1053 87 soit. car il amoit la duchesse sa fẽme et la

1365 3304 1097 99 lui auoit ueue baisier par derriere une cour

1368 3368 1088 100 tine si cõme il oy dire. et la cõmune renom

1372 3436 1049 100 mee estoit tele ¶ Et aussi a il oy dire que

1368 3520 1111 82 le dit duc qui fũ machina des lors en la mort

1365 3590 1070 91 du dit Sire de clicon. Et de puis a un iour

1371 3646 1056 90 que le dit duc qui fu et le Sire de clicon et

1374 3719 1067 96 le uiconte de Rohan furent a uennes yceli

1368 3789 1088 82 duc qui fu fist armer genz de son hostel an

1380 3868 1055 85 glois iusques au nombre de .xxx. ou enin

1374 3926 1094 82 ron pour mectre a mort le dit Sire de clicon

1377 3988 1058 93 Et si cõme il dancoit en un Iardin present

1383 4058 1082 96 le dit duc qui fu ou il deuoit estre mis amort
