3329 5306
807 600 1029 104 ains mistrent mes chiers enfans en tel

807 683 1024 83 forsenerie q̃ il meismes get̾ent les mains

804 742 1035 92 en moy ⁊ me mistrent en prisõ moy ⁊ mõ

804 813 1012 100 petit filz. et ma fẽme iudith enuoierẽt ẽ

802 887 1014 88 essil. torm̃te fin ⁊ greue par ceulz cui ie na

799 952 1011 88 uoie fait nul grief. mais toute uoies por

799 1014 1032 100 toie ie ces maux plus paciaum̃t pour ce q̃

799 1087 1014 92 il me sembloit que la ueniante nr̃e seig᷑

796 1155 1038 97 me punisist en telle maniere pour mes pe

799 1226 1026 94 chiez. En la cite de soisson fuz amenez. en

796 1291 1043 94 labbaie ⁊ ou couuent de mes seigneurs .S̾.

799 1364 1043 95 maart ⁊ S̾. sebastien. Et pour ce q̃ il sauoi

796 1435 1035 91 ent bñ q̃ ie amoie bien le lieu il se ꝯseil

793 1500 1055 97 lierent ⁊ cuidierent que ie me demeisse de

793 1565 1038 100 ma uolẽte. de mes armes ⁊ de mõ ceptre

799 1641 1008 92 ꝑ auẽture ap̾s si grant tribulaciõ et si

802 1706 1014 100 gnͣt descõfort et quant il morẽt laiens

796 1765 1020 100 mis en estroite prison pour ꝑfaire ce q̃

796 1836 1046 100 il auoiẽt deuant pourparle il enuoierẽt

799 1910 1032 88 a moy aucuns de leurs menistres et me

796 1983 1052 92 firẽt entẽdant q̃ lemꝑeriz iudith ma fẽme

799 2048 1052 97 estoit uestue et uoilee en une abbaie de nõ

799 2122 1061 94 nais ⁊ disoient quil andoient encore miex

799 2190 1037 85 q̃ elle fust morte. et pour ce q̃ il sauoient

796 2249 1023 97 bñ q̃ ie amoie charlot mõ petit filz sur *

799 2316 1040 98 toutes creatures me disoient il aussi q̃ il

802 2393 1046 100 estoit tonduz ⁊ uestu ꝯme moine ou cou

799 2464 1014 91 uẽt de laienz. Et quant ie oi ce ie ne me

799 2532 1035 97 peu tenir de plourer si nestoit pas m̾ueil

799 2605 1046 104 le. Car ie estoie depose et gete hors de la di

802 2676 1040 91 gnite de lempire. et auoie ꝑdue ma fẽme

799 2750 1026 94 ⁊ mõ douz filz plusẜ iours fus en tel do

796 2815 1038 97 leur ⁊ en cris ⁊ en pleurs si nauoie nulli

799 2888 1014 92 qͥ de riẽs me ꝯfortast. et bñ sentoie q̃ ie

796 2947 1049 98 me degastoie tout et afoibloioie durem̃t

799 3024 1017 103 po᷑ le grant duel que ie auoie si nauoie

799 3095 1020 94 ꝯfort de nulli fors de dieu. Car les huis

796 3157 1035 106 ⁊ les eutrees estoient si gardees q̃ nulz

796 3236 1029 89 ne pooit a moy uenir. Toute uoies y a

799 3304 1040 88 uoit il une petite uoie ⁊ estroite par quoi

796 3369 1026 91 len pooit aler on couuẽt des freres ⁊ en

796 3428 1049 97 leglise. mais elle estoit młt curieusem̃t

802 3507 1034 95 gardee. la me pourpẽsai q̃ ie iroie et ꝙͣt

796 3566 1035 103 ie fu la uenu ie magenoillai deuãt toꝰ

793 3643 1041 103 les freres ⁊ leur monstrai ꝯme a sages

796 3711 1043 97 mires la maladie ⁊ la grant plaie dõt

796 3773 1049 103 ie me doloie. ⁊ leur priai młt deuotem̃t

799 3855 1037 89 q̃ il fussẽt en oroison pour moy enuers

799 3914 1046 112 mes seigneurs monẜ .S̾. maart ⁊ mõẜ

802 3997 1043 106 S̾. sebastien ⁊ quil priassẽt pour lame

2025 620 978 93 ma fẽme. car ie cuidoie c̾tainem̃t q̃ elle

2022 686 1020 89 fust trespassee si ꝯme il mauoiẽt fait entẽ

2025 763 1000 91 dant. et les preudes hõmes qui gnͣt ꝯpas

2022 828 1012 94 siõ auoiẽt de ma doleur me recõforterent

2022 896 1003 82 młt ⁊ aussi ꝯme se il fussẽt c̾tains des cho

2022 955 997 97 ses qui estoient a auenir me ꝓmistrẽt q̃

2019 1028 1021 86 se ie metoie du tout mesꝑance en dieu q̃ ie

2022 1102 1000 88 auroie ꝓchainem̃t confort ⁊ medecine de

2022 1167 1023 88 mes doleurs ꝑ les prieres ⁊ ꝑ les m̾ites des

2025 1235 1000 91 glorieus ꝯfesseurs et qnͣt il morẽt ainsi

2022 1302 1018 86 młt bñ reconforte et prie pour moy il me

2019 1364 1006 98 ramen̾ent arriers iusques a luis de la pͥ

2025 1441 1012 94 sõ. euz entrai ⁊ fu dedenz aussi ꝯme deuãt.

2087 1506 958 100 ¶ La nuit qui apres uint estoie en la chrͣ

2022 1577 1020 94 tre ⁊ młt desiroie a ueoir lestoille iournal

2025 1644 1000 86 pour la nuit qui trop me duroit. qnͣt ce

2028 1712 997 89 uĩt ap̾s matines si mẽ entrai en une pe

2028 1777 997 94 tite chapelle dediee de la trinite qui estoit

2028 1848 1012 91 p̾s de la prisõ et demourai ilec gnͣt piece

2028 1913 1020 94 de nuit si regardai par auẽture ꝑmi une

2028 1989 1003 83 fenestre et ui lun des ẜians qui me gar

2028 2054 1012 89 doiẽt qui sanz raison me faisoit tant de

2028 2125 1014 82 maux ꝯme il pooit si estoit couchiez p̾s

2028 2187 994 85 des fõdemenz dessouz la couu̾ture po᷑ gar

2031 2246 1006 94 der que ie neschapasse par mi celle fenestͤ.

2034 2319 1000 101 Et qnͣt ie me aperceu que il dormoit cõe

2031 2384 1011 106 cil qui estoit yures et plain de uin ie mõ

2031 2464 1020 91 tai en une eschiele qui estoit en .i. anglet

2031 2535 1011 97 de la chapele et pris une corde qui pẽdoit a

2031 2605 1014 92 un laz ⁊ la lie a une des hantes qͥ laienz

2031 2673 1011 97 estoient pour porter les enseignes ẽ rou

2034 2747 1011 88 uoisõs puis fis .i. laz en la corde ⁊ la ge

2034 2821 1011 88 tai ꝑmi une fenestre ⁊ ꝑ tel engin sachai

2034 2888 1008 86 a moy lespee de celi qui dormoit ⁊ la ge

2034 2947 1003 98 tai en .i. fosse plain de fange ⁊ dordure qͥ

2034 3021 1008 97 estoit p̾s du fõdem̃t du mur. Lors appel

2034 3089 1003 97 lai le ẜiant ꝑson nõ et li dis. o bon ẜiãt

2031 3162 1014 89 et bõne gaite ⁊ esꝑance de touz tes ꝯpain

2037 3230 988 92 gnõs dors tu ou se tu ueilles. Et il me

2034 3289 1011 100 respõdi. ie ueille ie ueille. Et ie li redis q̃

2034 3366 991 91 fais tu. et il me respondi. Que te chaut

2034 3437 1014 88 q̃ ie face. Et ie li redis. se besoing te sour

2034 3507 994 92 doit maĩtenãt iecuit que tu nauroies *

2037 3563 1005 112 poĩt despee. Lors geta les braz a sõ chief

2037 3646 979 91 et puis ca ⁊ puis la pour querre sespee.

2040 3711 997 94 Lors li redis. Hee: bon ẜiant. se tu me

2040 3784 994 86 usses aussi bñ garde ꝯme tu as tespee ie

2034 3846 1017 98 ne fusse ore pas ci. Et il me respõdi. queq̃

2037 3920 985 91 il soit ore fait de mespee ie tai bñ garde

2037 3991 1014 112 iusq̃s a si ꝯme il mest am̃de ⁊ te garderai
