3441 5300
453 628 1005 78 cõmenca le dit mesẜ geffroy a erdre aue

450 691 1023 101 q̃s le roy danglerere et aueq̃s les anemis

453 742 996 111 du roy de france ¶ Item en ce tep̃s pħe

450 818 1002 103 roy de nauarre frere de la royne iehanne

447 892 1008 94 fẽme du roy charles derrenierem̃t trespas

447 965 1005 86 se assez tost apres la pasque prist sa uoie

444 1024 1008 91 pour aler en layde du roy de castellepos cõ

444 1104 993 88 tre les sarr̃. le quel quant il fu parti de

441 1166 999 91 france sen ala a auignon. et la fu par une

438 1233 1002 94 espace de temps aueques le pape ⁊ les cardi

441 1298 981 94 naux ¶ Item en ce meismes an ꝯme le

436 1369 995 91 roy a la requeste du duc de bourgoigne li

436 1439 1007 92 uousist aucunem̃t aidier car en sa terre a

436 1501 992 100 uoit tres grant deffaute de uiures. ⁊ eust

430 1569 998 103 le roy ordenne que sur le terrouer dorliens

433 1645 1004 86 de biausse ⁊ de gastinois ceste maniere day

433 1704 1001 100 de ẜoit leuee pour aidier au pays du deuãt

433 1778 992 94 dit duc. Dont il auint que les clers estu

430 1846 1004 91 dians a orliens aueques les bourgois ⁊ le

430 1913 995 98 cõmũ si port̾ent ceste chose młt griefm̃t et

430 1978 1001 97 disoient que les marchiez de uiures en ẜoi

430 2052 1001 85 ent młt amenuisiez et empeschiez. si cõuin

430 2120 987 85 drent touz de fait dun acort a proceder en

427 2178 995 101 loffice du roy et de tout le conseil par telle

427 2252 1016 85 maniere. Car de fait il uindrent au fleuue

424 2314 1037 94 de laire la ou estoient aucunes nefs plaines

421 2382 1013 97 de uiures pour estre menees au duc de bour

424 2455 1007 94 goigne ⁊ en son dit pays. les quelles sanz

424 2523 993 88 aucune discrecion et sanz arroy mistrent

421 2594 1007 97 touz les dis uiures en uente toute cõmune

418 2655 1004 106 a touz ceulz qui auoir en uouloient. Et a de

418 2729 1019 103 c̾tes aucuns dyceulz sen decouroiẽt ꝑ la uille

418 2791 1002 103 ⁊ ꝑ les forbours et par les uilles uoisines et

418 2867 999 89 rompoient les huis et exposoient les biens

418 2932 1002 103 des poures a larrecin. Quant le p̾uost dor

415 3003 987 91 liens uit ce si considera que de legier il ne

418 3071 993 91 pourroit pas obuier a si grans forseneries

412 3138 1002 100 toute uoies il fist ce quil pot car par ses ser

415 3203 1005 94 gens il fist prendre .xii. ou .xiiii. des malfai

412 3268 993 103 teurs ⁊ les fist mettre en prisons diu̾ses.

418 3344 1007 92 Qnͣt les autres de la uille oyrent dire que

415 3403 984 106 le p̾uost en auoit mis aucuns en prison

415 3477 999 94 si sesmurent aussi ꝯme hors du sens et for

409 3536 1002 106 senez ⁊ sen alerent aus prisons ⁊ les rõpi

412 3604 996 111 rẽt ⁊ mistrent hors ceulz que le p̾uost y a

409 3671 996 103 uoit mis. et non pas seulem̃t ceulz mais

406 3745 1005 103 touz aut̾s prisoniers. et meismem̃t aucũs

406 3824 1002 103 qui estoiẽt ꝯdampnez a mort pour leurs *

409 3895 999 100 meffais. Quant ces choses furent uenues

412 3957 993 129 a la cognoissance du roy. il enuoia la .ii.

1638 616 1007 102 chłrs et aueques eulz grant qnͣtite de gens

1638 697 1013 92 darmes et leur cõmãda bien actes que toꝰ

1635 762 984 100 ceulz quil trouueroient coupables de ceste

1632 833 1019 97 dissenciõ que tantost et sanz delay il les fe

1632 901 1004 97 issẽt pendre. Et meismem̃t ceulz que le pre

1632 956 1001 104 uost dorliens leur nõmeroit. les quiex qnͣt

1629 1030 1025 109 il furent uenuz a orliens il en firent prẽdre

1629 1098 1022 103 plusẜ ⁊ tantost pendre si cõme cõmãde leur

1626 1171 1004 101 auoit este. entre les quiex il ot .i. pendu le

1626 1242 1013 121 quel estoit dyacre si cõme len disoit. et tã

1629 1320 994 93 tost apres cessa toute celle sedicion ¶ En

1626 1375 1022 97 ce meismes au en la uille de paris ⁊ meisme

1623 1445 1013 103 m̃t enuiron paris et au bois de uincẽnes la

1623 1513 998 97 ou la royne uouloit que une grant feste

1620 1584 1025 94 fust faite pour la cause que elle auoit eue

1620 1651 1013 92 un fil nouuellem̃t il uint une tres for

1623 1722 1010 100 te tempeste la quelle trebucha .i. tres fort

1620 1790 1025 100 mur et rompi et abati plusẜ arbres an dit

1623 1852 1007 106 boys. ¶ Eñ ce meismes an labbe de .S̾. de

1620 1931 1013 97 nis en france mesẜ guy de chastres le quel

1617 1996 1013 88 sestoit en młt sagement ou gouu̾nem̃t de

1617 2055 1013 97 sa maison cest a sauoir de leglise de mõẜ

1617 2128 1010 95 S̾. deniis a fin que il peust miex uaquer a

1611 2199 1008 85 dieu ⁊ a contemplacion enuoia ꝓcureur

1614 2267 1007 91 a la court de rome souffisaum̃t fonde. le

1614 2334 1022 101 quel ꝓcureur en la presence du ppͣe en plaĩ

1614 2402 999 103 ꝯsistoire de par le dit monẜ guy abbe resi

1614 2473 1005 91 gna au gouu̾nem̃t et a lonneur de la de

1614 2541 1016 91 uant dc̃e eglise de monẜ .S̾. denis. Et assez

1608 2611 1011 97 tost ap̾s frere gille rigaut moine de celle

1611 2682 1010 91 meisme eglise bachelier en theologie ⁊ pri

1605 2750 1025 94 eur dessone empres corbeul a la subiectiõ

1605 2817 1011 92 du roy de nauarre qui estoit p̾sent a la

1608 2885 1013 94 court de rome et par le bon tesmoĩg que

1599 2947 1014 97 sõ deuãcier. cest a sauoir le dit mõẜ labbe

1605 3012 996 117 guy le quel auoit escript a la court de rõe

1602 3091 1028 106 et au dit roy de nauarre de li fu le dit frere

1605 3162 1028 103 gille rigaut subrogne au gouu̾nem̃t de la

1605 3224 1022 109 dc̃e eglise ⁊ en la dc̃e court de rome auant

1605 3294 1022 100 quil ꝑtist fu benei ou consacre. Un pou a

1602 3362 1017 97 pres la beneicon de gille rigaut en albe de

1608 3427 1031 109 S̾. denis en france pħe roy de nauarre prist

1605 3492 1011 106 congie au pape et empetra tant pour lui

1602 3553 1019 106 cõme pour ceulz qui estoient aueques lui

1599 3624 1040 118 du ppͣe plaine indulgẽce de paine ⁊ de cour

1599 3704 1025 97 pe. et se mist en chemin pour aler en lay

1599 3768 1022 106 de du roy de castelle contre les sarr̃. y cesti

1599 3845 1014 103 roy de castelle se combatoit ꝯtinuem̃t cõ

1599 3913 1017 115 tre les sarr̃. et auoit guerre ꝯtinuem̃t ꝯ

1602 3983 996 124 tre eulz. et especiaum̃t pour le tep̃s il a
