3381 5340
813 614 1009 100 quant le conte gui qui seneschal estoit le

816 685 1006 86 roy sot ces nouuelles si uint la a tant de

816 753 1003 101 chłrs ꝯme il pot assembler ꝯme cil qui tpͦ

813 824 1003 89 estoit preux ⁊ courageux. et enuoia messa

815 901 993 100 ges isnelem̃t aus chłrs ⁊ aus genz dẽuirõ

816 970 1009 92 pour dire que il le suiuissent hastiuem̃t ⁊

813 1035 1027 95 ainsi aprocha hardiement au chastel. ceꝰ

813 1097 997 92 qui la tour assailloient ⁊ qui encore ne

813 1162 1018 104 la pooient prendre ne ceulz dedenz seurmõ

816 1246 973 89 ter laꝑcurent uenir. des les mõtaignes.

813 1299 1015 101 Lors g̾pirent lassant et se retraistrent ar

813 1373 1003 98 rieres ꝯme ceulz qui la mort doubtoient

813 1435 1021 101 q̃ le deffendeur du regne ne uenist sus eulz

813 1515 1003 98 despourueuem̃t et ꝯmẽcierent a doubter

813 1587 1033 95 le quel il feroient ou du fuir ou de la tẽdre

816 1649 1006 101 Atant uint le conte gui et ꝯme sage ⁊

819 1735 1021 77 apẽse fist a soy uenir les galẽdois qͥ estoi

813 1794 1027 92 ent on chastel et par grant conseil parla

816 1869 1000 89 a eulz en tel maniere q̃ il fist la pais de

813 1931 1009 92 eulz ⁊ du roy ⁊ de son filz loys. et puis la

813 2002 1033 83 fist a fermer par serem̃t. et ainsi fist retrai

813 2076 1021 86 re eulz ⁊ les leur de leur emprise. et quãt

816 2141 1006 92 miles uit que ceulz li furent failli si sen

813 2207 1012 89 fui hastiuem̃t grant dueil faisant de ce

819 2275 1012 89 q̃ il nauoit la traison traite a fin. Mais

819 2349 1027 89 quͣt le noble loys oy ces nouuelles si uĩt

813 2417 1009 83 isnelem̃t au chastel si fu młt courroncie

822 2486 1006 92 ꝙͣ il ot la u̾ite sceue de ce quil nauoit les

819 2554 1027 83 traitres trouuez ⁊ quil eust touz pẽduz as

816 2613 1027 98 fourches se il les peust auoir tenuz. ⁊ a ceꝰ

816 2693 1021 98 qui remes furet tuit la pais que le conte

825 2767 1012 95 gui auoit faite pour ce quil lauoit iuree

819 2836 1006 89 a tenir. et po᷑ ce quil ne peussent autretel

813 2910 1024 92 faire une autre foiz fist il abatre toute la

816 2984 1018 86 fort̾esce du chastel sanz la tour. Le .xx. cõ

813 3049 1030 92 ment buiaumõt le prince dantyoche et

813 3120 1027 84 rob̾t guichart son pere orent tout en .i. io᷑

813 3189 1003 77 uictoire sus lempereour dalemaigne.

810 3239 1030 101 et lemꝑere de grece. Et cõmẽt cil buia

816 3325 1027 92 mõt õt a fẽme constance la seur le no

1041 3390 636 92 N ce temps uĩt ble loys.

1033 3459 789 89 en france buiamõt le noble pͥn

1033 3527 792 95 ce dautyoche a qui especiaument

816 3595 1024 95 fu rendue la fort̾esce ⁊ la seigneurie de cel

816 3666 1012 83 le noble cite au temps que le gnͣt siege y

816 3726 1018 106 fu mis de celle tres puissant barome de fnͣ

816 3806 1015 89 ce ⁊ dautres t̾res que pierre łmite esmut.

819 3871 994 98 Cil buiamõz estoit lun des plus nobles

822 3933 1006 95 ⁊ des plus puissanz barons dorient de cui

819 4010 991 87 proesce estoit grant renõmee ꝑtout le

2021 629 1030 97 le monde. meismem̃t par .i. m̾ueilleux fait

2024 697 1015 98 quil fist en sa uie qui ne pot estre fait sanz

2024 765 1021 104 la diuine aide dont il fu grant ꝑole deme

2024 839 1030 101 neis entre les sarr̾. si le uous cõterõs brief

2024 907 1027 101 m̃t. Ce puissant prince buiamõt ⁊ sõ pere

2027 976 1012 94 Rob̾t guichart auoient une foiz assise la

2030 1053 1030 92 cite de duras. dont la grant richesce de thes

2024 1115 1003 86 sale. ne le grant tresor de constantinoble.

2024 1183 1003 92 ne la forte de toute grece ne les porẽt õq̃s

2024 1248 1033 87 ꝑ force leuer de ce siege ou il se tindrẽt lõgue

2024 1317 1015 89 m̃t. Si auint que les messages pͣpe alixͣ.

2024 1379 1021 104 passerẽt la mer et alerent iusq̃s a eulz ⁊ le᷑

2024 1456 1021 101 requistrent ⁊ semondrent en la charite de

2027 1527 1015 98 nr̃eẜ. ⁊ ꝑ lomage quil deuoient a .S̾. ꝑe ⁊ a

2024 1599 1024 97 sõ uitaire q̃ il secourussent leglise de rõme

2024 1667 1024 101 ⁊ lapostoile que lemꝑere dalemaigne auo

2027 1735 1027 95 it assis dedenz la tour de crescence ⁊ les pͥe

2027 1803 1039 86 rẽt młt hublem̃t et par lõmage q̃ il auoi

2027 1874 1027 89 ẽt a leglise de rome quil ne souffrissẽt pas

2027 1949 994 86 a ꝑeiller leglise de rome ne son uicaire qͥ

2030 2008 1018 95 en grant ꝑil estoit se il nestoit secouruz is

2030 2079 1006 83 nelm̃t. En grant doubte furet ces .ii. ri

2030 2141 1027 92 ches pͥnces de ces nouuelles le q̃l il feroiẽt

2030 2216 997 95 auant ou se il lairoient ce grant siege qͥ

2033 2287 1003 92 tãt leur auoit couste ou il ne peussẽt ia

2030 2352 1012 89 mais recouurer se a grant paine nõ ne a

2033 2417 994 98 ce uenir quil estoient ia. ou se il nr̃e pere

2030 2486 1003 86 lapost̾. et leglise de rome laisseroient ꝑil

2036 2563 1012 89 lier ⁊ a ẜuir pour leur siege maĩtenir. si

2033 2625 1027 86 ꝯme il orent grant piece demoure sur cest

2033 2696 1018 89 a faire t̾miner si pristrent .i. trop haut cõ

2030 2764 1009 86 seil ce fu q̃ il feroient et lun ⁊ lantre ⁊ le

2027 2836 1036 92 siege maintenir et secourre lapostre. aĩsi

2030 2907 1003 98 le firent si remest buiamõt au siege. Et

2030 2984 1003 83 Rob̾t guichart passa la mer en pulle. et

2033 3046 1036 92 tantost ꝯme il fu arriue assambla gnͣt plẽ

2033 3117 1000 89 te de chłrs q̃ de puille q̃ de sezile q̃ de kala

2030 3183 1021 95 bre q̃ de t̾re de labour ⁊ de ẜianz a riches ar

2030 3254 1030 83 mes et puis cheuaucha hardiem̃t u̾s la ci

2030 3313 1009 104 te de rome et auint une auẽture dõt tout

2030 3382 1021 91 le mõde se doit m̾ueillier. car tantost ꝯme

2027 3459 1006 98 lemꝑere gree sot que Robert guichart se

2027 3527 1018 98 fu ꝑti du siege de duras si assembla mer

2030 3592 1015 95 ueillex ost de grex et uint contre buiamõt

2030 3663 1024 89 a bataille ⁊ par mer et par terre po᷑ li leuer

2030 3738 1006 91 du siege. Si auint que li ⁊ son pere se cõ

2030 3809 1012 92 batirent tout en .i. iour aus .ii. emꝑeres.

2033 3877 1012 80 Rob̾t guichart a lemꝑ. dalemaigne ⁊ sõ

2030 3933 1018 98 filz buiam̃. a celui de grece ⁊ orent ambedꝰ

2030 4002 1000 108 uitoire de .ii. emꝑeres ꝑ laide nr̃e seigne᷑.
