3281 5231
149 609 1065 91 nauarre. Le Conte deu et pluseurs autres

151 674 1043 96 seigneurs. Et est assauoir que la grande

151 746 1028 96 sale du palais la chambre de parlement

151 816 1057 87 la sale sur leaue. la chambre uert et toutes

148 889 1026 87 les autres chambres notables de lostel du

148 959 1040 87 Roy au palais la sainte chapelle. la cha

148 1022 1040 102 pelle dempres la chambre uert estoient par

151 1095 1040 90 tout tres richement parees et ordenees tãt

154 1165 1020 84 au palais du louure saint pol le bois de

148 1223 1052 93 uinciennes et de lostel de beaute sur marne

151 1299 1060 90 es quelx lieux le roy mena tint ⁊ festoia

156 1377 1018 99 par tout lempereur. Et ainsi se passa la

156 1447 1044 87 iournee du dit lundi entree de lempereur

156 1508 1050 96 aparis. Et apres uin et espices donnees a

154 1578 1028 101 pres souper se retraistrent le Roy ⁊ le Roy

151 1636 1049 107 des romains et les autres seigneurs chas

140 1725 1061 79 cun ensa chambre. Des presens que ceuls

156 1796 1023 87 de la bonne uille de paris firent a lempereur

156 1862 832 93 et a son filz le Roy des Romains.

536 3099 672 91 E mardy ensuyuant qui

534 3170 674 87 fu le quint iour de Ianuier

534 3243 663 84 Le preuost des marchans

549 3310 625 93 et les escheuins de paris

543 3376 648 99 a heure que lempereur dis

159 3446 1041 108 noit en sa chambre entrerent deuers lui

162 3525 1012 84 et li presenterent de par la uille. une nef

165 3586 1043 101 pesant neuf uins dix mars dargent tres

156 3655 1026 85 richement doree et ouuree. et deux grans

151 3716 1040 99 flacons dorez et esmailliez du pris de .lxx.

154 3798 1034 87 mars dargent. Et ason filz presenterent

154 3868 1022 87 une fontaine dargent doree ⁊ richement

156 3931 1038 102 ouuree du pois de quatre uins treze mars

156 4001 1061 116 auec deux grans poz dargent dorez tres riche

1374 612 1075 91 ment ouurez de trente Mars pesans. Et ce

1368 665 1096 116 dit iour le .Roy ne uit point lempereur po᷑

1374 749 1075 87 ce quil auoit este malade et mal dormỹ la

1371 813 1081 90 nuit. et ot ia mengie et se uouloit coucħr

1368 886 1084 96 dormir a releuee auant que le Roy eust

1371 961 1096 85 ouy son seruise et messe a note comme de

1371 1025 1084 93 coustume est. Mais le dit empereur en

1374 1101 1078 78 noia deuers le roy lui prier młt affeccien

1368 1162 1087 96 sement que il lui pleust quil peust alin ꝑ

1368 1232 1078 87 ler ce iour priueement pour lui dire au

1371 1307 1084 90 cimes besoignes dont il auoit aparler a

1371 1374 1110 93 lui. Et uoult et requist que le chancellier

1368 1447 1087 84 de frauce y feust present auec le Roy. Et

1365 1508 1111 96 menga le .Roy ce iour en sale a gnͣt foison

1374 1578 1093 90 de genz. Et y furent le duc de xassoigne qͥ

1374 1644 1104 93 le soir deuant nauoit pas souppe auecques

1371 1708 1096 93 le .Roy. Leuesque de brusseberc. le chance

1371 1790 1070 90 lier de lempereur. et tous ou la plus gnͣt

1374 1857 1119 93 partie des princes seigneurs et gens de los

1377 1915 1084 98 tel de lempereur. et le Roy des romains ny

1377 1990 1061 99 menga pas pour ce que le. Roy le laissa

1374 2063 1075 90 tenir compaignie a lempereur son pere.

1389 2135 1052 88 Et apres ce que le Roy ot disne et se fu

1377 2191 1081 107 retrait en sa chambre. il ala abien pou de

1377 2272 1061 96 gens et secretement deuers lempereur ainsi

1380 2336 1078 93 que il lauoit prie et y mena son chancelłr.

1380 2412 1081 93 Et lempereur et le .Roy assis en .ii. chaieres

1374 2470 1093 96 lun decoste lautre firent widier tout excep

1374 2545 1078 90 te le chancellier de france que ilz retindrent

1374 2615 1087 84 et appellerent. Et longuement parla lem

1374 2676 1116 96 pereur au .Roy. et tant furent bien ensem

1374 2757 1096 82 ble cõme lespace de trois heures. Et sur la

1368 2818 1102 91 fin de leur partir fu appelle le chancellier de

1365 2891 1113 99 lempereur. Des paroles ne des besoignes

1356 2969 1069 86 dont ilz parlerent ne scet on riens. ¶ Et

1371 3028 1096 101 aus uespres du dit mardy qui fu ueille de

1374 3106 1070 90 la thiphaine ala le roy ycelles oir en

1365 3173 1055 87 la sainte chapelle. et a sa main senestre

1365 3246 1081 84 menoit le Roy des romains. et y estoient

1371 3310 1099 84 deux oratoires tenduz lun adestre pres des

1368 3376 1105 93 chaieres et lautre a senestre pres du reues

1368 3455 1073 93 tiaire. Et en celui adestre estoit le .Roy ⁊

1371 3522 1084 90 en celui asenestre le Roy des romains et

1371 3594 1073 88 fist le seruice larceuesque de Rains et fu

1371 3655 1087 90 la sainte chapelle si noblement aour nec

1368 3725 1113 96 et lautel si richement et grandement gar

1368 3789 1102 111 ny de ioyaux deglise et de reliques et tele

1374 3862 1104 104 ment enluminee que cestoit belle ⁊ mer

1374 3940 1087 84 ueilleuse chose a ueoir. Et auoit si grant

1374 4004 1078 119 multitude de gens destat aus uespres que
