3268 5259
138 713 1045 84 de puis este et ceuls qui en ont tenuz les

143 774 1055 93 demaines. especialment les duez de Guyẽ

140 853 1043 84 ne tant Roys dengleterre come autres

140 920 1035 90 en ont tousiours faiz hõmaiges liges

143 984 1035 94 et recognoissance aus Roys de france

140 1040 1026 102 cõme aleur droit seigneur aqui est le

137 1110 1011 93 fief. Et se ce na este depuis le temps E

134 1171 1055 105 douart dengleterre derrenier mort ny fu

140 1253 1043 90 mise onques aucune contradiction. Et

140 1323 1076 85 mal apoint le fist puis quil eust fait hom

137 1387 1058 85 mage au. Roy phelippe ayeul du Roy le

131 1452 1049 96 quel hõmage il fist a amiens et le recog

137 1519 1023 93 nut son seigneur et Roy de france. Et

134 1586 1073 88 depuis le dit hõmage fait lui reuenu en

131 1659 1032 94 engleterre par lespace dassez lonc temps

134 1726 1073 82 rateffia par ses lectres seellees de son grant

128 1790 1058 91 seel approuua le dit hõmage auoir este

125 1855 1050 96 lige plus fort et plus auant que par pa

125 1925 1064 90 roles nauoit este fait au dit Roy phelippe

128 1992 1055 105 comme plus aplain appert par les lectres

125 2068 1073 82 sur ce faites des quelles furent monstrees

131 2132 1032 97 des originaux seelles au dit empereur

137 2202 1049 94 auec toutes autres chartres plus ancien

137 2258 1061 105 nes de ses predecesseurs les roys denglet̾re

131 2322 1064 105 faites a saint loys de son temps de la recog

131 2398 1044 97 noissance des hõmages de gascongne. bor

128 2457 1085 93 deaux. bayonie et les isles qui sont en droit

114 2530 1072 93 normandie. Et es dites lectres est expres

111 2588 1084 108 sement contenu cõment les Roy dengle

125 2658 1017 100 terre ont renoncie atoutes les terres de

125 2731 1067 108 normandie daniou. du Maine de tourai

122 2798 1050 91 ne et de poitiers se aucun en y auoient cõ

131 2866 1049 99 me plus plainement est contenu es diteᷤ

128 2930 1038 88 lectres. les quelles furent monstrees au

106 2997 1083 91 dit empereur. Et aussi monstra le traic

125 3076 1050 79 ne de la paix et cõment son pere et lui la

119 3140 1056 97 uoient moult chier achetee. et cõment

125 3217 1057 87 par les englois elle fu mal gardee en le

116 3283 1057 82 declairant particulierement tant par la

128 3346 1014 86 faulte de rendre les forteresses occupees

140 3415 1017 70 que ilz deuoient rendre au leur cõme par

128 3465 1012 96 les hostages quil raenconnerent contre

119 3526 1056 114 le contenu ou traictie cõme par les com

112 3602 1060 96 paignes que continuelment ilz tindrent

116 3669 1047 97 ou Royaume de france. come par usur

122 3733 1026 94 per et user des drois de souuerainete

119 3804 1032 102 qui appartiennent an Roy des quelx

122 3877 1041 78 ilz ne deuoient point user cõme de con

116 3935 1053 91 forter le Roy de nauarre lors ennemi du

122 4002 1035 117 Royaume ses adherens et confortans

1362 707 1099 93 de leurs gens subgiez et aliez tant englois

1365 777 1090 96 comme gascoings et leur donner passages

1359 850 1084 90 uiures et confort contre la teneur des ali

1365 905 1102 94 ances faites iurees et passees et par sairemẽs

1356 969 1111 97 faiz si fors cõme ilz se peuent faire entre cres

1356 1043 1122 99 tiens. les quelles aliances furent aussi mõ

1359 1124 1099 79 strees et leues au dit empereur en francois

1356 1192 1084 81 et latin afin que chascun les peust mieulx

1353 1250 1122 102 entendre. Et en oultre le prince de Galles

1359 1323 1084 96 fist tant doutrages et dextorcions au pais et

1359 1390 1116 85 gens de gascongne qui encores estoient demou

1359 1449 1084 99 rez soubz la souuerainete et ressort du. Roy

1356 1516 1081 85 ne onques renonciacion neu fu ne na este

1356 1586 1093 91 faite come le. Roy le fist monstrer par la lr̃e

1353 1659 1079 96 du traictie ou est la clause qui se cõmence.

1359 1717 1096 106 Cest assauoir ⁊c̃ Et monstra aussi le roy

1353 1790 1111 106 comment le conte darmignac le seign᷑

1353 1872 1105 82 de lebret et pluseurs autres barons ⁊ bõnes

1350 1925 1084 88 uilles auoient appelle du prince alui et

1350 1995 1117 82 uindrent en leurs personnes requerir ad

1362 2077 1075 85 iour nement et rescript en cause dappel. et

1356 2129 1081 91 cõment le Roy y mist longuement ⁊ fist

1356 2197 1125 105 grant difficulte auant que faire le uousist.

1362 2270 1105 99 Et par le conseil sur ce pris de pluseurs no

1353 2349 1084 73 tables auecques ceuls de son conseil eues

1356 2416 1064 73 aussi les opinions de pluseurs estudes de

1350 2468 1087 85 droit de Bouloigne la crasse de montpelłr

1350 2533 1070 93 de thoulouse et dorliens et des plus nota

1350 2614 1055 97 bles clers de la court de rõme que refuser

1353 2676 1111 90 ne le pouoit. Et comment par uoie ordence

1350 2749 1105 79 de iustice le Roy le fist. et non pas par puis

1350 2813 1052 94 sauce darmes. Et fu ordene un docteur

1350 2880 1102 82 iuge du Roy a thoulouse appelle maistre

1350 2942 1120 102 Bernart palot et un cheualier appelle mõẜ.

1347 3018 1093 87 Iehan de chaponnal qui porterent au dit

1350 3076 1117 108 prince les lectres du Roy les Inhibicions

1350 3155 1082 90 et adiournemens et par le sauf conduit

1347 3219 1079 91 du seneschal du dit prince uindrent pres

1347 3275 1061 90 du dit prince le quel les fist prendre et

1350 3348 1064 82 murtrir mauuaisement contre dieu et

1350 3412 1087 88 iustice et en offense du Roy et du Royau

1350 3485 1084 94 me de france. Et aussi monstra le Roy au

1344 3546 1090 82 dit empereur comment non obstant les

1344 3608 1114 108 dites offenses ainsi faites il enuoia au dit

1347 3684 1073 87 Roy Edouart Contes Cheualiers ⁊ clers

1347 3754 1085 87 pour le sõmer et requerir de par lui de ra

1344 3809 1067 111 dressier et faire radressier les choses ainsy

1347 3885 1061 105 par son filz et ses subgiez mauuaisemẽt

1347 3953 1096 102 faites. Et desiroit le Roy que par uoie ami

1350 4028 1084 115 able remede se y meist et non pas ꝑ guerre
