3329 5314
265 649 1014 94 et fuir si les enchacierent młt aspremẽt

265 732 999 88 et en occistrent en fuiant grant plẽte. En

265 800 993 85 cel estour furent pris .xxii. chłrs et .iii. clers

265 865 1014 79 młt riches hõmes ⁊ de grant renon. Et si fu

262 926 1028 95 rent pris .uͨ. ẜianz darmes sanz la pietaille.

265 1000 1005 86 Qnͣt le roy ot en uictoire il fist rappeler sa

268 1068 1019 92 gẽt qui trop asprement enchacoient les an

268 1136 1011 100 glois. lors sen retorn̾ent les chłrs ⁊ les ser

268 1207 1016 97 ganz ꝑ le ꝯm̃dement le roy. Quant uint en

265 1263 1025 100 tour mie nuit que tout le peuple se reposoit

262 1343 999 91 le roy danglet̾re et le conte de la mrͣche a

259 1411 1011 94 tout le remenãt de leur gent sen issirent de

259 1482 1020 85 saintes et firẽt entẽdant a ceulz qui gardoi

259 1552 1002 83 ent la uille quil aloient faire assaut aus

256 1614 1031 92 frãcois qui se reposoient mais il tornerent

259 1688 1005 89 autre chemin droit a blaiues. Lẽdemaĩ ꝑ

262 1753 1031 89 matĩ qnͣt le iour parut cler ceulz de la uille

262 1824 1025 94 uirent bñ que ceulz qui leur deuoiẽt aidier

259 1895 1011 82 sen estoient fuiz. si sen uindrent au roy et

259 1960 1011 85 li rẽdirẽt la cite de saintes. En ceste man̾e

259 2028 990 88 si ꝯme nous auons deuisie ꝯquist le roy

262 2090 978 103 gnͣt ꝑtie de la terre au conte de la mrͣche.

265 2166 1011 86 Mais il y ꝑdi de bonnes gens ⁊ de bõs che

259 2237 1011 89 ualiers pour la grant chaleur du temps

262 2308 993 89 et pour le souleil qui młt estoit chaut.

262 2376 999 92 Renaut le sire de pous fu espoente form̃t

259 2444 1008 94 de la force le roy. et de la uictoire q̃ dieux

262 2509 1022 91 li auoit donnee. si uint a li en la uille de

265 2589 996 82 coulombiers qui siet a une mille de põs

265 2657 1005 82 et fist hõmage au conte de poitiers deuãt

256 2718 1002 98 les barons de france. En ce meismes io ᷑

259 2795 1008 86 uint lainsne filz au conte de la mrͣche et

256 2854 1025 101 sagenouilla deuant le roy ⁊ li requist paiz

259 2934 1020 86 la quelle fu faite en la maniere qͥ sẽsuit.

262 3008 1005 82 Cest a sauoir que toute la t̾re que le roy

259 3067 1017 97 auoit ꝯquise sus le conte de la marche sõ

262 3141 1019 91 pere demourast paisiblement au conte de

262 3209 1002 91 poitiers frere le roy. et du remenãt le cõ

262 3279 999 77 te ⁊ sa fẽme ⁊ ses enfanz se metroiẽt du *

262 3338 1022 95 tout en tout en la merci le roy et deliu̾roit

256 3409 1020 92 le conte .iii. chastiaux fors et bñ garniz en

259 3480 1025 86 ostage. cest a sauoir mesplin. crotai. et ha

262 3548 1014 95 cardi. es quiex le roy auoit ses garnisons

262 3610 990 100 ⁊ ses sondoiers aus couz du dit cõte po᷑ ce

265 3684 1011 83 q̃ le dit conte nestoit pas p̾sent. A ces ꝯue

262 3752 1008 97 nãces entermer le roy recut hue son filz ẽ

259 3823 1005 82 ostage iusqs̃ a lendemain que le conte de

259 3885 990 97 uoit uenir. Quant le conte de la mrͣche

262 3953 996 97 sot ꝯm̃t le roy sestoit acorde si uint lẽde

265 4023 984 121 main faire f̾me et estable ce que son filz

1471 646 1030 103 auoit ꝓmis. et amena auec li sa fẽme et

1473 729 1031 85 ses .ii. enfans et sagenoillierent deuãt le

1473 797 1011 82 roy ⁊ li crierent merci plains de souspirs

1476 862 1037 79 ⁊ de lermes. Et cõmẽtierent a dire tres douz

1473 929 1017 83 roys debonnaires ꝑdonne nous ton ire et

1473 994 1017 92 tõ mautalent et aies pitie de nous. Car

1471 1068 1027 92 nous auõs mauuaisem̃t et ꝑ orgueil ale

1473 1133 1017 86 ꝯtre uous. Sire selon la grant franchise

1473 1198 1020 100 ⁊ la gnͣt miẜicorde qui est en uous ꝑdõnez

1471 1272 1030 86 nous ur̃e meffait. Le roy qui uit le conte

1473 1343 1037 79 de la mrͣche si humblem̃t crier m̾ci ne pot

1471 1411 1042 97 tenir sõ cuer en felonnie. aĩcois fu tãtost

1471 1484 1033 83 mue en pitie. si fist leuer le conte sus. et

1468 1544 1057 103 li ꝑdonna de bonnerem̃t qnͣquil auoit mes

1473 1617 1020 89 fait. Et le conte de la marche quita au cõ

1471 1691 1042 80 te de poitiers touz les chastiaux ⁊ les fort̾es

1471 1756 1033 86 ces q̃ le roy auoit conquis sur li. Et pour

1471 1833 1013 80 tenir les conuenances le roy tint les .iii.

1473 1901 1020 85 chastiaux dessus diz en sa maĩ. Et le cõte

1476 1957 1014 97 ⁊ sa fẽme iurerent et ses enfanz que il tẽ

1468 2031 1033 85 droient les conuenances f̾mes sãz iames

1473 2104 1017 80 aler encõtre. Quant la pais fu acordee le

1468 2166 1028 86 roy retint lomage renaut sire de pouz par

1465 2240 1007 83 deu̾s soy. Et lomage geffroi derancone.

1468 2308 1013 86 Et geffroi de ligenon. Ces choses furent

1468 2373 1007 92 acordees le iour de la saint pierre le pre

1471 2453 1033 85 mier iour daoust que le roy uit es prez de

1473 2521 1008 85 pons et tout son ost. Lẽdemain ꝑmatin

1471 2586 1013 85 uĩdrent a lui le sire de mirabel. et le sire

1468 2659 1013 92 de mortaigne qui auoit hostele ⁊ souste

1468 2724 1025 89 nu le roy dangleterre et toute sa gẽt en sa

1471 2801 1013 92 p̾miere uenue. Quant il fu arriue. Ces

1468 2872 1013 89 ii. barons firent hõmage au roy de frãce

1465 2940 1028 86 et au conte depoitiers. Et tonz les autres

1462 3008 1010 91 barons du pays de toute la terre iusq̃s a

1462 3067 1013 100 la riuiere de gironde. Le roy dangł. oy di

1462 3144 1045 91 re a blames ou il estoit que le roy uenoit

1465 3214 1004 95 sus li. si fu si espoente quil sen alerent li

1465 3288 1007 89 ⁊ le conte richart a bourdiaux. Car se il *

1465 3350 1025 92 fussent demoure il eussent este pris. mais

1462 3415 1034 89 aucuns leur firent a sauoir qui estoit du

1465 3486 1007 95 ꝯseil au roy de france. Lors se pourpensa

1465 3554 1004 97 le roy dangleterre ꝯment il pourroit fai

1465 3622 1022 91 re pais au roy de france. si li enuoia messa

1468 3696 992 82 ges ⁊ requist triues. Mais le roy ne li *

1462 3761 1007 91 uot pas delegier otroier deuant quil ẽ fu

1465 3829 1028 97 prie des plus haux hõmes de sa court qui

1462 3899 1022 86 młt amoient le conte richart pour ce q̃ il

1465 3961 977 92 leur auoit fait bõte ẽ la t̾re doutre mer.

1465 4035 1028 136 Le .xxxii. Cõm̃t tartarĩs destruirẽt turqͥe
