3455 5240
1139 1737 690 75 La loenge ⁊ ala gloire de la be

1124 1793 714 81 noite et inseparable trinite

1136 1845 699 94 dieu pere filz ⁊ saint esperit

1144 1921 664 100 Ie qui apresent sui comis

853 1991 982 96 de uraiement mectre en escript tous les

836 2052 993 108 faiz des .Roys de france Regnans en

847 2122 1011 107 mon temps expose et met en francois

841 2186 1003 113 la uie du glorieus Roy monẜ .S̾. loys

841 2261 1011 94 Et au premier ie met les titres des cha

838 2331 1044 88 pitres pour miex cognoistre la glorieuse uie.

1016 2401 862 96 E premier chapitre parle ꝯment

1022 2465 842 102 le pere saint loys ala en albigois

871 2521 999 128 Le secont chapitre cõment saint loys

841 2599 1020 96 fu coronue a Reims du Royaume de

851 2681 209 89 france.

960 2745 905 97 e .iii. Cõment les barons de france

853 2814 941 85 murmurerent contre leur bon .Roy

974 2887 856 95 e .iiii. du descort qui fu entre les

859 2963 516 84 barons et le . Roy

960 3027 921 87 e .u. Cõment le conte de champaig

859 3105 621 78 ne fu assailli des barons.

943 3155 764 99 e .ui. Du dut de bretaigne.

974 3228 921 86 e .uii. ꝯm̃t le roy enoia ala haie paiñ

952 3277 938 108 e .uiii. cõment le Roy ala ala ter

860 3353 581 101 re au duc de Bretaigne

952 3434 915 88 e ix. Du roy darragon cõment

865 3496 600 90 il conquist maillogres

949 3557 900 93 e .x. De madame Sainte ysabel

867 3637 574 74 fille au .Roy de hongrie

965 3692 891 102 e .xi. De saint anthoine de lordre

847 3769 514 82 des freres meneurs

967 3834 905 79 e .xii. Cõment le Roy fist Reaumõt

969 3902 870 99 e .xiii. Cõment le Roy fist la paix

2004 585 778 83 des. clers et des bourgois de paris

2131 657 907 88 e .xiiii. Cõment le moustier de saint

2010 719 547 90 denis fu renouuele

2127 788 911 86 e .xu. Cõment saint clou fu perdu

2024 850 417 90 a Saint denis

2117 914 921 96 e .xui. Cõment le Roy de france se

2027 981 830 87 maria a madame marguerite .

2024 1048 979 104 #Le .xuii. Du conte de Champaigne

2120 1117 898 85 Le .xuiii. Du uieuz de la montaigne

2024 1173 632 94 qui uoult occirre le Royt

2162 1245 843 86 te .xix. Cõment le Roy fist Rob̾t

2022 1320 519 77 dartoys cheualier.

2126 1379 900 88 e .xx. De la traison lemꝑere federic.

2135 1435 897 104 e .xxi. Cõment la sainte coronne de

2024 1510 996 99 espines et grant partie de la sainte croix

2027 1572 871 104 et le fer de la lance uint en france.

2123 1636 924 101 e .xxii. De ceuls dalhigois qui se re

2022 1719 646 97 bellerent contre crestiens.

2162 1779 860 98 e .xxiii. Cõment le conte thibaut

2021 1836 985 88 fu coronne du Royaume de nauarre.

2126 1915 883 87 e .xxiiii. Cõment lempereur de

2033 1982 670 108 Rõme fu escommenie

2162 2043 856 105 e .xxu. Cõment la tempeste chey

2036 2122 379 81 a cremonne.

2135 2186 885 96 e .xxui. Cõment le roy deliura

2042 2247 932 102 de prison les prelaz de son Royaume.

2201 2314 817 100 Le .xxuii. Cõment le Roy fist son

2035 2394 411 81 frere cheualier.

2141 2445 877 108 e .xxuiii. Cõment le conte de la

2038 2522 713 98 marche fu contre le . Roy

2146 2587 909 108 e .xxixͤ. Cõment len uoult empoi

2039 2675 690 89 sonner le. Roy de france.

2126 2738 908 79 e .xxx. Cõm̃t le roy pͥst pluẜ chastiaꝰ

2162 2781 895 114 e .xxxi. De la bataille au Roy de fran

2039 2885 721 71 ce contre le Roy dangleterre

2184 2944 877 88 e.xxxii. Cõment les tartarins des

2050 3010 496 93 truistrent turquie.

2146 3074 892 102 e .xxxiii. Cõment le pape senfuy

2079 3126 851 109 en france pour lempereur federic

2167 3210 891 97 e .xxxiiii. Cõment le Roy fu ma

2045 3280 457 79 lade a pontoise.

2179 3335 887 114 e .xxxu. De la destruccion de la ter

2053 3417 440 85 re de oultre mer.

2158 3472 903 102 e .xxxui. Cõment lempereur fed̾ic

2056 3560 396 75 fu condempne.

2162 3614 904 106 e .xxxuii. Cõmt le legat uint en fnͣce

2158 3682 892 99 e .xxxuiii. Cõment le Roy ala ui

2061 3746 550 92 siter le pape a cligny.

2188 3827 862 76 e .xxxix. Coment le Roy maria

2035 3868 712 106 le conte charles son frere.
