3335 5296
827 538 1036 129 Mile liures cõme pour ce que pluseurs du

830 647 1012 94 royaume ne se uouloient acorder que les

824 709 1036 105 dictes Imposicion et gabelle courussẽt en

830 782 1039 94 leur pays et es uilles la ou ilz demouroiẽt

833 853 1030 88 ordenerent nouuel subside sur chascune

827 923 1042 95 personne en la maniere qui ensuit. ¶ Cest

830 994 1039 88 a sauoir que tout hõme et personne feust

821 1062 1015 85 du sanc et lignage du roy. et autre. clerc

827 1132 1030 86 ou lay religieux ou religieuse exempt ou

827 1197 1009 85 non exempt hospitaliers . chiefs deglise

830 1262 1042 97 ou autres eussent rentes ou reuenues of

827 1326 1033 100 fice ou administracion fẽmes ueues ou

830 1397 1021 94 celles qui faisoient chief enfans mariez

824 1471 1030 85 et non mariez qui eussent aucune chose

827 1532 1012 100 depar eulz feussent en garde bail tutele.

824 1606 1021 85 cure maimburnie ou administracion

824 1671 1012 85 quelconques. monnoiers ⁊ tous autres

824 1730 1027 91 de quelque estat auctorite on preuilege qͥl

821 1791 1042 100 usassent ou eussent use ou temps passe qͥ

830 1877 1033 91 auroit uaillant .C. liures de reuenue et

827 1935 1033 98 au dessoubz feust a uie ou aheritage en

830 2018 1065 88 gaiges a cause doffice en pensions a uie ou

827 2071 1048 94 a uolente feroit aide ⁊ subside de .iiii. liures

830 2144 1059 100 pour le fait des dictes guerres de .xl. liur̃

817 2197 1002 115 de reuenue ⁊ au dessus .xl. solz ¶ de .x.

818 2274 1065 112 liures de reuenue ⁊ au dessus .xx.ẜ. Et au

821 2342 1062 117 dessouz de .x. liures soient enfans en maĩ

818 2424 1051 94 burnie au dessus de .xu. ans laboureurs

824 2497 1051 89 et ouuriers gaignans qui neussẽt autre

821 2565 1039 103 chose que de leur la bourage feroient aide

824 2633 1077 97 de .x.ẜ. Et sil auoient autre chose du leur

824 2708 1106 98 ilz feroient aide cõme les autres ẜuiteur ᷤ

827 2774 1053 106 mercenaires ou allouez qui ne uiuoiẽt

824 2842 1059 117 que de leur seruice et qui gaignast .C. ẜ

827 2921 1056 103 par an ou plus feroient semblable aide

824 2986 1065 97 et subside de .x.ẜ. aprendre les sõmes desẜ

818 3059 1077 100 dites aparisis ou pais de par̃. et a tournois

818 3118 1074 106 on pais de tour nois. Et se les diz ẜuiteurᷤ

821 3189 1056 100 ne gaignoient .C. ẜ ou au dessus il ne ai

821 3262 1039 98 deroient de riens sil neussent aucuns.

818 3336 1071 88 biens equipolens ou quel cas ilz aideroi

821 3407 1080 97 ent cõme dessus. Et aussi naideroient de

824 3483 1053 80 riens, mendiens ne moines cloistriers

827 3542 1065 106 sanz office ou administracion. ne enfanz

827 3613 1062 88 en mannburnie soubz laage de .xu. ans

827 3680 1059 106 qui neussent aucune chose cõme dessus.

830 3748 1089 100 Ne nõnains qui neussent en reuenue au

824 3807 1086 103 dessus de .x. liures. ne aussi fẽmes marie

830 3883 1065 89 es pour ce que leurs maris aidoient. et

835 3951 1069 123 estoit et seroit compte ce que elles auoiẽt

2060 538 960 156 depar elles auec ce que leurs mariz auoiẽt

2098 645 889 122 ¶ Et quant aus clers et gens deglise p̾

2066 703 951 135 laz albes prieurs chanoines curez ⁊ au

2063 791 930 106 tres cõme dessus qui auoient uaillant

2066 847 951 120 au dessus de .C. liures en reuenue feussẽt

2066 909 942 129 benefices de sainte eglise en pat̾mnoine ou

2066 994 918 112 en lun auec lautre iusques a. u ͫ. liur̃

2066 1059 942 106 feroient aide de .iiii. liures pour les pre

2069 1126 933 115 miers .C. liures et pour chascunes aut̾s

2069 1194 921 112 C. liures iusques aus dites .u ͫ. liures

2069 1262 945 114 xl .ẜ. et ne feroient de riens aide a dessus

2066 1321 927 117 des dictes .u ͫ. liures. ne aussi de leurs

2060 1397 951 112 meubles et les reuenues de leurs benefi

2066 1468 936 100 ces seroient prisees et extimees selou le

2066 1535 939 97 taux du disieme ne ne sen pourroient

2069 1594 915 106 franchir ne exempter par quelz conq̃s

2072 1671 918 103 preuileges ne quil feissent de leur .xͤ.

2078 1735 915 109 quant les disiemes estoient octroiez.

2184 1797 812 115 ¶ Et quant aus nobles et gens des

2078 1868 915 112 bonnes uilles qui auroient uaillant

2066 1938 939 109 au dessus de .C. liures de reuenue les diz

2066 2015 948 94 nobles feroient aide iusques a .u ͫ. liur̃

2063 2074 948 100 de reuenue et neent oultre pour chascũ

2084 2153 930 91 C. liures .xl. ẜ oultre les .iiii. liures po᷑

2081 2218 933 94 les premiers .C. liures. Et les gens des

2078 2289 927 97 bonnes uilles par semblable maniere

2084 2350 912 103 iusques a mil liures de reuenue tant

2084 2415 933 97 seulement. ¶ Et quant aus meubleᷤ

2078 2486 915 103 des nobles qui nauoient pas .C. liures

2075 2553 933 100 de reuenue len extimeroit leurs meubł

2075 2636 927 103 quil auroient iusques a la ualeur de .M.

2078 2700 927 109 liures et non plus. ¶ Et des gens nõ

2078 2774 915 97 nobles qui nauoient pas .iiii. cenz liur̃

2078 2840 951 96 #de reuenue len extumeroit leurs meuble ᷤ

2084 2921 900 80 iusques ala ualeur de .iiii. mile liures

2086 2974 938 103 Cest asauoir .C. liures de meuble pour .x.

2084 3045 906 100 liures de reuenue et de tant feroient ai

2086 3113 916 96 de par la maniere ci dessus deuisee. Et

2086 3177 910 103 se il aduenoit que aucuns nobles neust

2086 3242 898 106 uaillant en reuenue tant seulement

2086 3301 895 111 iusques a .c. liures de reuenue. ne en

2092 3368 910 130 meuble purement iusques a mil liureᷤ

2095 3451 916 126 Ou que aucun nobles neust seulement

2092 3518 910 109 en reuenne .iiii. ceus liures ne en meu

2089 3577 907 118 bles purement .iiii. Mile liures et ilz

2089 3648 919 120 enssent partie en reuenue et partie en

2092 3713 931 120 meubles. len regarderoit et extimeroit

2087 3781 950 124 sa reuenue et son meuble ensemble ius

2092 3842 928 127 ques a la sõme de Mil liures qnͣt aus no

2089 3910 928 153 bles et de .iiii. mile liures qnͣt aus non
