3361 5322
775 594 1029 121 cite se combatirent contre le dit roy des rõ

778 688 1035 98 mains henri. si fu pris en celle bataille ty

778 759 1023 104 baut de brisach tout uif le quel estoit capi

781 827 1000 95 taine de la dc̃e cite de brixe le quel fu adme

778 895 1014 95 ne a lempere henri. Quant il uit que il ne

781 960 1032 104 pooit eschaper de mort si confessa publiq̃m̃t

784 1031 1041 104 q̃ il ⁊ des greigneurs de la cite de melan auo

784 1091 1026 106 ient fait młt de mauuaises ꝯspiraciõs ꝯtre

781 1159 988 91 li ⁊ contre les siens pour li metre a mort

789 1221 1024 106 Qnͣt lempere ot ce oy si le fist trainer parmi

786 1303 1021 98 lost et pins le fist pendre par.ii. heures et

792 1368 1024 101 puis le fist oster du gibet et le fist decoler et

789 1436 1015 95 fist mettre sa teste sus une grant lance et

786 1501 1036 98 la fist port̾ ou plus on plus sollempnel lieu

786 1578 1018 95 de son ost a fin que chascun le peust ueoir ⁊

786 1643 1033 98 le corps fist despecier en .iiii. ꝑties ⁊ en .iiii. ꝑ

789 1711 1027 95 ties de son ost en fist porter en chascune ꝑtie

789 1776 1018 104 i. qrͣtier. et lorᷤ ot le dit emꝑerere uictoire

792 1844 1021 101 de la cite. et fist destrure touz les murs de

789 1918 1054 95 la cite. Mais endem̃tres que lemꝑ̾e tenoit

792 1989 1027 98 siege a la cite de brixe waleran son frere

795 2060 1027 95 sen aloit par deuant la dc̃e cite le quel fu

789 2125 998 89 feru soudainem̃t dune saiete et mourut.

813 2199 1033 107 Du temps meismes le siege durant uĩdrẽt

804 2267 1045 107 a lemꝑere enuiron de toutes les citez dytalie

798 2338 1015 104 ⁊ li offrirent foy et loyante aussi ꝯme a

801 2412 1024 95 leur seigneur. ¶ Et en ce temps .iii. car

801 2477 1039 101 dinalz furent enuoiez du pape. Cest a sauo

804 2545 1030 104 ir le cardinal dostie et deus autres pour le

807 2616 1030 101 coronnem̃t de lemꝑere les quiex uĩdrent ꝑ

810 2690 1030 98 ytalie iusques a rome. Si auint de puis

813 2752 1012 107 q̃ la cite de brixe ot este sousmise a lemꝑe

810 2823 1006 101 re henri il se depti par cerdonne et sen ala

801 2885 1039 116 a rennes ⁊ la fu receu tres honnorablem̃t.

795 2962 1030 95 Et endem̃tres quil se reposoit en la cite de

816 3042 920 86 gẽnes la fẽme trespassa en la dõe cite.

852 3107 970 106 En ce meismeis temps en flandres une

813 3172 1027 103 cõmocion de rebellion de guerre se renouue

816 3243 1021 98 la la quelle nauoit gueres ꝑ auant este a

819 3311 1012 98 coisie pour la quelle chose le conte de flan

822 3379 1006 98 dres robert fu grandem̃t souppecõne le q̃l

819 3447 1018 98 fu de par le roy appelle a paris pour. soy es

828 3509 1012 107 purger le quel y uint mais loys filz du

822 3580 1015 104 dit conte le quel estoit conte de neuers fu *

822 3657 1015 97 trouuez coupable le quel fu mene p̾miere

828 3728 1027 106 m̃t a moret en prison et depuis fu ramene

825 3802 1009 91 a paris ⁊ la fu mis en prison de la quelle

831 3858 1018 109 prison il sen eschapa car il se doubtoit po᷑

828 3935 1012 103 la quelle chose du conseil des nobles du *

834 4009 997 94 royaume il fu dit par arrest en plain ꝑle

1991 604 970 117 m̃t quil estoit de sa conte priue ¶ Et ẽ ce

2000 685 985 92 temps le roy pħe fist faire nouuelle monoi

2000 753 967 92 e. cest assauor doubles de .ii. deniers la q̃lle

2000 821 967 104 monnoie fu młt agreable au peuple. et as

2002 881 956 109 nobles ⁊ aus eglises ¶ Et en ce meismes

2002 960 968 92 an le pape ottroia et emioia pͥuileges aus

2002 1028 968 95 clers estudians a orliens pour establir uni

2002 1093 965 98 u̾site suppose que le roy de france si uousist

2005 1161 971 98 acorder. si ne si uoult le roy acorder pour le

2011 1235 956 95 temps ¶ Adonques sassamblerent touz

2005 1297 959 86 les clers estudians a orliens ⁊ firent foy *

2005 1363 977 94 les uns aus autres que il se ꝑtiroient ⁊ aĩ

2005 1439 956 89 si le firent mais auant que lau fust fine

2008 1501 959 98 il furent en aucune maniere apaisiez ꝑ le

2011 1572 956 95 roy ⁊ retourn̾ent a orliens. ¶ Et en ce *

2011 1629 962 106 meismes an ot concile en la cite de uiẽne.

2014 1708 962 80 et la furent assambles .C. ⁊ xiiii. p̾laz mi

2014 1779 968 89 trez sanz les autres qui nestoient pas mit

2017 1842 965 91 tres et sanz ceulz qui furent excusez ꝑ ꝓcura

2017 1918 968 92 cions. Et la furent .ii. patriarches cest a sa

2014 1983 974 89 uoir celui danthioche ⁊ dalixandre. aus q̃lz

2020 2057 944 83 ii. pr̃iarches leu fist .ii. sieges ꝓpres ou mi

2020 2125 977 83 lieu de touz. Et auant que le p̾m̾ siege se

2023 2193 947 89 ist le pape enioint a chascun p̾lat ⁊ aus

2026 2261 950 92 autres de dire leurs messes priuees et de

2026 2335 953 86 trois iours ieuuer. si ꝯmẽca le pͥmier le

2029 2397 932 98 samedi es octaues de monẜ .S̾. denis et

2032 2474 941 86 ꝯm̃ca le pape ci si ꝯme il est de coustume.

2035 2530 929 101 Ueni creator spũs. Et prist son theume.

2032 2604 935 101 In consilio iustoꝵ et cong̾gacõne ⁊c̾. Cest

2032 2675 950 101 a dire au conseil et a lassamblee des iustes

2029 2734 950 101 les euures de nr̃es sont grans. Et pins le᷑

2032 2808 935 107 exposa le pape .iii. causes pour les quelles il

2029 2876 935 104 auoit fait assambler concile gen̾al. La p̾

2029 2953 932 92 miere fu pour cause du fait enorme des tẽ

2035 3021 944 98 pliers. La seconde pour le secours de la saĩte

2029 3086 947 104 terre. La tierce pour la reformacion de tou

2032 3154 947 101 te uniu̾sal eglise et puis donna sa beneicõ

2029 3219 932 104 sus le peuple et chascun sen retorna en sõ

2038 3296 938 95 lieu. ¶ Lan mil .CCC.xii. le lundi apres

2035 3361 935 95 qͣsimodo fu le secont siege du concile en la

2041 3420 920 110 grant eglise de uienne celebre. Et la uint

2041 3482 935 116 le roy pħe auec ses freres ⁊ ses filz enuirõ

2038 3550 944 116 la mi qͣresme et auoit młt grant ꝯpaigine

2044 3636 941 98 de barons ⁊ de nobles hõmes et se sist le roi

2041 3704 932 113 a la destre du ppͣe plus haut que les aut̾s.

2044 3769 935 116 mais il estoit plus bas que le ppͣe ⁊ prist le

2050 3828 920 128 ppͣe son thieume. Nõ resurgunt impii ĩ

2047 3905 911 107 iudicio. Cest adire les mauuais ne se re

2044 3976 914 133 lieuent point en iugem̃t. Adõc le ppͣe cli
