<?xml version="1.0" encoding="UTF-8"?>
<alto xmlns:xsi="http://www.w3.org/2001/XMLSchema-instance"
      xmlns="http://www.loc.gov/standards/alto/ns-v4#"
      xsi:schemaLocation="http://www.loc.gov/standards/alto/ns-v4# http://www.loc.gov/standards/alto/v4/alto-4-2.xsd">
  <Description>
    <MeasurementUnit>pixel</MeasurementUnit>
    <sourceImageInformation>
      <fileName>btv1b84472995_f365.jpg</fileName>
      
    </sourceImageInformation>
  </Description>
  
  <Tags>
    <OtherTag ID="BT15500" LABEL="MainZone" DESCRIPTION="block type MainZone"/><OtherTag ID="BT16241" LABEL="NumberingZone" DESCRIPTION="block type NumberingZone"/>
    <OtherTag ID="LT6549" LABEL="DefaultLine" DESCRIPTION="line type DefaultLine"/>
  </Tags>
  
  <Layout>
    <Page WIDTH="3354"
          HEIGHT="5198"
          PHYSICAL_IMG_NR="353"
          ID="eSc_dummypage_">
      <PrintSpace HPOS="0"
                  VPOS="0"
                  WIDTH="3354"
                  HEIGHT="5198">
        
        <TextBlock HPOS="288"
                   VPOS="566"
                   WIDTH="1162"
                   HEIGHT="3497"
                   ID="eSc_textblock_6a0714ee"
                   TAGREFS="BT15500">
          <Shape><Polygon POINTS="372 566 1357 566 1404 600 1404 3658 1450 3936 1438 4005 1369 4051 369 4063 300 3959 288 681 372 566"/></Shape>
          
          
          <TextLine ID="eSc_line_413973ac"
                    TAGREFS="LT6549"
                    BASELINE="355 669 1354 652" 
                    HPOS="352"
                    VPOS="616"
                    WIDTH="1002"
                    HEIGHT="91">
            <Shape><Polygon POINTS="355 707 1354 695 1354 652 1346 616 352 623 355 669"/></Shape>
	    <String CONTENT="tout. et fu ars en la p̾sence de touz ceulz qui"
                    HPOS="352"
                    VPOS="616"
                    WIDTH="1002"
                    HEIGHT="91"></String>
          </TextLine>

          
          
          <TextLine ID="eSc_line_c133bae7"
                    TAGREFS="LT6549"
                    BASELINE="358 736 1326 716" 
                    HPOS="355"
                    VPOS="678"
                    WIDTH="971"
                    HEIGHT="104">
            <Shape><Polygon POINTS="358 736 358 782 1326 753 1326 716 1317 678 355 693 358 736"/></Shape>
	    <String CONTENT="la estoient. de la se parti le roy. et assez tost"
                    HPOS="355"
                    VPOS="678"
                    WIDTH="971"
                    HEIGHT="104"></String>
          </TextLine>

          
          
          <TextLine ID="eSc_line_7273a5f2"
                    TAGREFS="LT6549"
                    BASELINE="358 802 1354 785" 
                    HPOS="355"
                    VPOS="745"
                    WIDTH="999"
                    HEIGHT="98">
            <Shape><Polygon POINTS="358 802 358 843 1352 825 1354 785 1346 745 355 759 358 802"/></Shape>
	    <String CONTENT="apres entra en la conte deu. et ardi une uil"
                    HPOS="355"
                    VPOS="745"
                    WIDTH="999"
                    HEIGHT="98"></String>
          </TextLine>

          
          
          <TextLine ID="eSc_line_4dbe79e1"
                    TAGREFS="LT6549"
                    BASELINE="355 866 1357 851" 
                    HPOS="352"
                    VPOS="805"
                    WIDTH="1005"
                    HEIGHT="101">
            <Shape><Polygon POINTS="355 866 355 906 1357 892 1357 851 1349 805 352 823 355 866"/></Shape>
	    <String CONTENT="le le duc qui a non argenthome. au retour"
                    HPOS="352"
                    VPOS="805"
                    WIDTH="1005"
                    HEIGHT="101"></String>
          </TextLine>

          
          
          <TextLine ID="eSc_line_d293af68"
                    TAGREFS="LT6549"
                    BASELINE="358 935 1343 918" 
                    HPOS="355"
                    VPOS="883"
                    WIDTH="988"
                    HEIGHT="98">
            <Shape><Polygon POINTS="358 935 358 981 1343 967 1343 918 1334 883 355 898 358 935"/></Shape>
	    <String CONTENT="se mist par celle uoie meismes quil estoit a"
                    HPOS="355"
                    VPOS="883"
                    WIDTH="988"
                    HEIGHT="98"></String>
          </TextLine>

          
          
          <TextLine ID="eSc_line_3b93480f"
                    TAGREFS="LT6549"
                    BASELINE="355 1002 1337 990" 
                    HPOS="352"
                    VPOS="952"
                    WIDTH="985"
                    HEIGHT="93">
            <Shape><Polygon POINTS="355 1002 355 1045 1334 1036 1337 990 1328 952 352 961 355 1002"/></Shape>
	    <String CONTENT="lez. droit au chastel de tillieres et assez tost"
                    HPOS="352"
                    VPOS="952"
                    WIDTH="985"
                    HEIGHT="93"></String>
          </TextLine>

          
          
          <TextLine ID="eSc_line_e6cf23a2"
                    TAGREFS="LT6549"
                    BASELINE="355 1068 1343 1059" 
                    HPOS="352"
                    VPOS="1019"
                    WIDTH="991"
                    HEIGHT="89">
            <Shape><Polygon POINTS="355 1068 355 1108 1340 1100 1343 1059 1334 1019 352 1025 355 1068"/></Shape>
	    <String CONTENT="le restora et le garni młt bien de gens ⁊ de"
                    HPOS="352"
                    VPOS="1019"
                    WIDTH="991"
                    HEIGHT="89"></String>
          </TextLine>

          
          
          <TextLine ID="eSc_line_e6db0fd1"
                    TAGREFS="LT6549"
                    BASELINE="358 1137 1337 1126" 
                    HPOS="355"
                    VPOS="1080"
                    WIDTH="982"
                    HEIGHT="98">
            <Shape><Polygon POINTS="358 1137 358 1178 1334 1169 1337 1126 1328 1080 355 1097 358 1137"/></Shape>
	    <String CONTENT="uiandes ⁊ si auoit il dit quil ne seroit res"
                    HPOS="355"
                    VPOS="1080"
                    WIDTH="982"
                    HEIGHT="98"></String>
          </TextLine>

          
          
          <TextLine ID="eSc_line_3e19a8d4"
                    TAGREFS="LT6549"
                    BASELINE="361 1207 1352 1192" 
                    HPOS="358"
                    VPOS="1152"
                    WIDTH="994"
                    HEIGHT="98">
            <Shape><Polygon POINTS="361 1207 361 1250 1352 1238 1352 1192 1343 1152 358 1163 361 1207"/></Shape>
	    <String CONTENT="tores de nulli deca .iiii. ans ¶ Le duc guił."
                    HPOS="358"
                    VPOS="1152"
                    WIDTH="994"
                    HEIGHT="98"></String>
          </TextLine>

          
          
          <TextLine ID="eSc_line_4174bcb8"
                    TAGREFS="LT6549"
                    BASELINE="361 1273 1343 1261" 
                    HPOS="358"
                    VPOS="1224"
                    WIDTH="985"
                    HEIGHT="95">
            <Shape><Polygon POINTS="361 1273 361 1319 1340 1313 1343 1261 1334 1224 358 1233 361 1273"/></Shape>
	    <String CONTENT="sapꝑcut bien du peril qui est en nourrir ⁊"
                    HPOS="358"
                    VPOS="1224"
                    WIDTH="985"
                    HEIGHT="95"></String>
          </TextLine>

          
          
          <TextLine ID="eSc_line_7c710ae9"
                    TAGREFS="LT6549"
                    BASELINE="364 1342 1346 1328" 
                    HPOS="361"
                    VPOS="1290"
                    WIDTH="985"
                    HEIGHT="93">
            <Shape><Polygon POINTS="364 1342 364 1383 1343 1377 1346 1328 1337 1290 361 1296 364 1342"/></Shape>
	    <String CONTENT="essaucier felon et traitre. Car gui le filz re"
                    HPOS="361"
                    VPOS="1290"
                    WIDTH="985"
                    HEIGHT="93"></String>
          </TextLine>

          
          
          <TextLine ID="eSc_line_ad281ad2"
                    TAGREFS="LT6549"
                    BASELINE="361 1406 1357 1400" 
                    HPOS="358"
                    VPOS="1363"
                    WIDTH="999"
                    HEIGHT="86">
            <Shape><Polygon POINTS="361 1406 361 1449 1357 1435 1357 1400 1352 1363 358 1363 361 1406"/></Shape>
	    <String CONTENT="naut le conte de bourgoig̾. le tray ala par"
                    HPOS="358"
                    VPOS="1363"
                    WIDTH="999"
                    HEIGHT="86"></String>
          </TextLine>

          
          
          <TextLine ID="eSc_line_b593a5f4"
                    TAGREFS="LT6549"
                    BASELINE="361 1475 1337 1466" 
                    HPOS="358"
                    VPOS="1429"
                    WIDTH="979"
                    HEIGHT="84">
            <Shape><Polygon POINTS="361 1475 361 1513 1337 1510 1337 1466 1328 1429 358 1432 361 1475"/></Shape>
	    <String CONTENT="fin. si auoit este nourri en enfance auec li"
                    HPOS="358"
                    VPOS="1429"
                    WIDTH="979"
                    HEIGHT="84"></String>
          </TextLine>

          
          
          <TextLine ID="eSc_line_2cd27a10"
                    TAGREFS="LT6549"
                    BASELINE="366 1544 1340 1533" 
                    HPOS="364"
                    VPOS="1492"
                    WIDTH="976"
                    HEIGHT="90">
            <Shape><Polygon POINTS="366 1544 366 1582 1337 1570 1340 1533 1331 1492 364 1495 366 1544"/></Shape>
	    <String CONTENT="⁊ li auoit donne le chastel de brioc pour ce"
                    HPOS="364"
                    VPOS="1492"
                    WIDTH="976"
                    HEIGHT="90"></String>
          </TextLine>

          
          
          <TextLine ID="eSc_line_8bf03c2d"
                    TAGREFS="LT6549"
                    BASELINE="366 1611 1349 1596" 
                    HPOS="364"
                    VPOS="1547"
                    WIDTH="985"
                    HEIGHT="104">
            <Shape><Polygon POINTS="366 1611 366 1651 1349 1640 1349 1596 1340 1547 364 1559 366 1611"/></Shape>
	    <String CONTENT="q̃ il le peust mieux lier a lui en amour ⁊ en"
                    HPOS="364"
                    VPOS="1547"
                    WIDTH="985"
                    HEIGHT="104"></String>
          </TextLine>

          
          
          <TextLine ID="eSc_line_28b6dde0"
                    TAGREFS="LT6549"
                    BASELINE="364 1677 1343 1663" 
                    HPOS="361"
                    VPOS="1622"
                    WIDTH="982"
                    HEIGHT="96">
            <Shape><Polygon POINTS="364 1677 364 1718 1340 1709 1343 1663 1334 1622 361 1625 364 1677"/></Shape>
	    <String CONTENT="loyaute. et tant fist par sa malice quil ꝑu̾"
                    HPOS="361"
                    VPOS="1622"
                    WIDTH="982"
                    HEIGHT="96"></String>
          </TextLine>

          
          
          <TextLine ID="eSc_line_5ac06c1f"
                    TAGREFS="LT6549"
                    BASELINE="366 1744 1357 1729" 
                    HPOS="364"
                    VPOS="1692"
                    WIDTH="993"
                    HEIGHT="83">
            <Shape><Polygon POINTS="366 1744 366 1775 1354 1761 1357 1729 1349 1692 364 1700 366 1744"/></Shape>
	    <String CONTENT="ti plusẜ des plus nobles hõmes de normen"
                    HPOS="364"
                    VPOS="1692"
                    WIDTH="993"
                    HEIGHT="83"></String>
          </TextLine>

          
          
          <TextLine ID="eSc_line_acb6f0dc"
                    TAGREFS="LT6549"
                    BASELINE="375 1807 1337 1799" 
                    HPOS="372"
                    VPOS="1755"
                    WIDTH="965"
                    HEIGHT="98">
            <Shape><Polygon POINTS="375 1807 375 1853 447 1839 629 1848 684 1851 687 1851 1334 1830 1337 1799 1331 1758 372 1755 375 1807"/></Shape>
	    <String CONTENT="die ⁊ les fist alier contre le duc leur droit"
                    HPOS="372"
                    VPOS="1755"
                    WIDTH="965"
                    HEIGHT="98"></String>
          </TextLine>

          
          
          <TextLine ID="eSc_line_25fba9ea"
                    TAGREFS="LT6549"
                    BASELINE="372 1874 1343 1859" 
                    HPOS="369"
                    VPOS="1825"
                    WIDTH="974"
                    HEIGHT="86">
            <Shape><Polygon POINTS="372 1874 372 1911 1340 1897 1343 1859 1334 1825 369 1836 372 1874"/></Shape>
	    <String CONTENT="seigneur. de ceste conspiracion fu ꝑcõmer"
                    HPOS="369"
                    VPOS="1825"
                    WIDTH="974"
                    HEIGHT="86"></String>
          </TextLine>

          
          
          <TextLine ID="eSc_line_14dd13c0"
                    TAGREFS="LT6549"
                    BASELINE="369 1934 1352 1926" 
                    HPOS="366"
                    VPOS="1891"
                    WIDTH="986"
                    HEIGHT="95">
            <Shape><Polygon POINTS="369 1934 369 1986 1349 1963 1352 1926 1343 1891 366 1897 369 1934"/></Shape>
	    <String CONTENT="neel de constances. si estoit ou ẜuice le duc"
                    HPOS="366"
                    VPOS="1891"
                    WIDTH="986"
                    HEIGHT="95"></String>
          </TextLine>

          
          
          <TextLine ID="eSc_line_88921142"
                    TAGREFS="LT6549"
                    BASELINE="378 2007 1369 1995" 
                    HPOS="375"
                    VPOS="1943"
                    WIDTH="994"
                    HEIGHT="115">
            <Shape><Polygon POINTS="378 2007 378 2058 875 2041 1002 2044 1326 2050 1328 2050 1331 2050 1369 2032 1369 1995 1363 1955 875 1943 872 1943 869 1943 817 1960 811 1960 797 1960 707 1949 704 1949 375 1963 378 2007"/></Shape>
	    <String CONTENT="⁊ lie a lui par sarrem̃t ¶ Le duc qͥ sagem̃t"
                    HPOS="375"
                    VPOS="1943"
                    WIDTH="994"
                    HEIGHT="115"></String>
          </TextLine>

          
          
          <TextLine ID="eSc_line_9d7b0c4d"
                    TAGREFS="LT6549"
                    BASELINE="372 2076 1352 2067" 
                    HPOS="369"
                    VPOS="2027"
                    WIDTH="983"
                    HEIGHT="95">
            <Shape><Polygon POINTS="372 2076 372 2122 1349 2119 1352 2067 1343 2027 369 2035 372 2076"/></Shape>
	    <String CONTENT="regarda que les siens meismes lauoient"
                    HPOS="369"
                    VPOS="2027"
                    WIDTH="983"
                    HEIGHT="95"></String>
          </TextLine>

          
          
          <TextLine ID="eSc_line_4d25eb70"
                    TAGREFS="LT6549"
                    BASELINE="372 2148 1360 2139" 
                    HPOS="369"
                    VPOS="2099"
                    WIDTH="991"
                    HEIGHT="84">
            <Shape><Polygon POINTS="372 2148 372 2183 1360 2174 1360 2139 1352 2099 369 2105 372 2148"/></Shape>
	    <String CONTENT="ainsi tray et du tout guerpi ⁊ chascũ iour"
                    HPOS="369"
                    VPOS="2099"
                    WIDTH="991"
                    HEIGHT="84"></String>
          </TextLine>

          
          
          <TextLine ID="eSc_line_fc07ceac"
                    TAGREFS="LT6549"
                    BASELINE="372 2214 1346 2209" 
                    HPOS="369"
                    VPOS="2171"
                    WIDTH="977"
                    HEIGHT="81">
            <Shape><Polygon POINTS="372 2214 372 2252 1343 2246 1346 2209 1337 2171 369 2174 372 2214"/></Shape>
	    <String CONTENT="sefforcoient de layde de ses uilles meismes"
                    HPOS="369"
                    VPOS="2171"
                    WIDTH="977"
                    HEIGHT="81"></String>
          </TextLine>

          
          
          <TextLine ID="eSc_line_2f5316fb"
                    TAGREFS="LT6549"
                    BASELINE="372 2281 1337 2281" 
                    HPOS="372"
                    VPOS="2229"
                    WIDTH="965"
                    HEIGHT="98">
            <Shape><Polygon POINTS="372 2281 372 2327 1337 2327 1337 2281 1337 2240 372 2229 372 2281"/></Shape>
	    <String CONTENT="se doubta młt q̃ il ne fust ostez ꝑforce de sa"
                    HPOS="372"
                    VPOS="2229"
                    WIDTH="965"
                    HEIGHT="98"></String>
          </TextLine>

          
          
          <TextLine ID="eSc_line_318a145b"
                    TAGREFS="LT6549"
                    BASELINE="378 2347 1328 2339" 
                    HPOS="375"
                    VPOS="2301"
                    WIDTH="953"
                    HEIGHT="95">
            <Shape><Polygon POINTS="378 2347 378 2396 1326 2379 1328 2339 1320 2301 375 2304 378 2347"/></Shape>
	    <String CONTENT="seigneurie et que les traitres ne feissent"
                    HPOS="375"
                    VPOS="2301"
                    WIDTH="953"
                    HEIGHT="95"></String>
          </TextLine>

          
          
          <TextLine ID="eSc_line_a65884f6"
                    TAGREFS="LT6549"
                    BASELINE="378 2414 1352 2405" 
                    HPOS="375"
                    VPOS="2359"
                    WIDTH="977"
                    HEIGHT="98">
            <Shape><Polygon POINTS="378 2414 378 2457 1352 2457 1352 2405 1343 2359 375 2373 378 2414"/></Shape>
	    <String CONTENT="seigneurs de celui qui telle enuie li portoit."
                    HPOS="375"
                    VPOS="2359"
                    WIDTH="977"
                    HEIGHT="98"></String>
          </TextLine>

          
          
          <TextLine ID="eSc_line_bec51d51"
                    TAGREFS="LT6549"
                    BASELINE="390 2480 1340 2474" 
                    HPOS="387"
                    VPOS="2434"
                    WIDTH="953"
                    HEIGHT="92">
            <Shape><Polygon POINTS="390 2480 390 2526 1337 2515 1340 2474 1331 2434 387 2434 390 2480"/></Shape>
	    <String CONTENT="Henri le roy de france requist ꝑ neccessite"
                    HPOS="387"
                    VPOS="2434"
                    WIDTH="953"
                    HEIGHT="92"></String>
          </TextLine>

          
          
          <TextLine ID="eSc_line_062b1dbc"
                    TAGREFS="LT6549"
                    BASELINE="392 2549 1340 2541" 
                    HPOS="390"
                    VPOS="2503"
                    WIDTH="950"
                    HEIGHT="98">
            <Shape><Polygon POINTS="392 2549 398 2601 418 2584 479 2599 488 2599 491 2599 525 2596 702 2581 719 2593 725 2596 728 2596 730 2596 733 2599 1022 2599 1022 2596 1230 2593 1233 2593 1236 2593 1236 2590 1250 2578 1302 2593 1305 2593 1308 2593 1311 2593 1314 2593 1340 2575 1340 2541 1331 2503 390 2503 392 2549"/></Shape>
	    <String CONTENT="⁊ li pria ꝯme a son seigneur q̃ il li aidast"
                    HPOS="390"
                    VPOS="2503"
                    WIDTH="950"
                    HEIGHT="98"></String>
          </TextLine>

          
          
          <TextLine ID="eSc_line_135f6d44"
                    TAGREFS="LT6549"
                    BASELINE="390 2624 1337 2610" 
                    HPOS="387"
                    VPOS="2573"
                    WIDTH="950"
                    HEIGHT="89">
            <Shape><Polygon POINTS="390 2624 390 2662 1334 2662 1337 2610 1328 2573 387 2584 390 2624"/></Shape>
	    <String CONTENT="u̾s ses anemis. et le roy a qui il sonuint"
                    HPOS="387"
                    VPOS="2573"
                    WIDTH="950"
                    HEIGHT="89"></String>
          </TextLine>

          
          
          <TextLine ID="eSc_line_1ee5013a"
                    TAGREFS="LT6549"
                    BASELINE="392 2688 1352 2679" 
                    HPOS="390"
                    VPOS="2642"
                    WIDTH="962"
                    HEIGHT="92">
            <Shape><Polygon POINTS="392 2688 392 2734 1349 2717 1352 2679 1346 2642 390 2642 392 2688"/></Shape>
	    <String CONTENT="des bñfices q̃ le duc son pere li auoit fais"
                    HPOS="390"
                    VPOS="2642"
                    WIDTH="962"
                    HEIGHT="92"></String>
          </TextLine>

          
          
          <TextLine ID="eSc_line_df54e5ba"
                    TAGREFS="LT6549"
                    BASELINE="369 2754 1352 2754" 
                    HPOS="369"
                    VPOS="2705"
                    WIDTH="983"
                    HEIGHT="99">
            <Shape><Polygon POINTS="369 2754 369 2792 1349 2804 1352 2754 1349 2705 369 2711 369 2754"/></Shape>
	    <String CONTENT="assembla ses oz. en la conte deu entra et"
                    HPOS="369"
                    VPOS="2705"
                    WIDTH="983"
                    HEIGHT="99"></String>
          </TextLine>

          
          
          <TextLine ID="eSc_line_ecbd2949"
                    TAGREFS="LT6549"
                    BASELINE="369 2824 1349 2818" 
                    HPOS="366"
                    VPOS="2780"
                    WIDTH="983"
                    HEIGHT="81">
            <Shape><Polygon POINTS="369 2824 369 2861 1349 2853 1349 2818 1340 2780 366 2783 369 2824"/></Shape>
	    <String CONTENT="uint iusq̃s auandunes. la trouua les a"
                    HPOS="366"
                    VPOS="2780"
                    WIDTH="983"
                    HEIGHT="81"></String>
          </TextLine>

          
          
          <TextLine ID="eSc_line_754ecc5e"
                    TAGREFS="LT6549"
                    BASELINE="372 2893 1340 2884" 
                    HPOS="369"
                    VPOS="2835"
                    WIDTH="971"
                    HEIGHT="93">
            <Shape><Polygon POINTS="372 2893 372 2928 1337 2919 1340 2884 1331 2835 369 2850 372 2893"/></Shape>
	    <String CONTENT="nemis le duc qui estoient .xxx. mile ꝑ nõ"
                    HPOS="369"
                    VPOS="2835"
                    WIDTH="971"
                    HEIGHT="93"></String>
          </TextLine>

          
          
          <TextLine ID="eSc_line_811d6c38"
                    TAGREFS="LT6549"
                    BASELINE="375 2959 1343 2951" 
                    HPOS="372"
                    VPOS="2910"
                    WIDTH="971"
                    HEIGHT="93">
            <Shape><Polygon POINTS="375 2959 375 3003 1340 2997 1343 2951 1334 2910 372 2910 375 2959"/></Shape>
	    <String CONTENT="bre. et le roy nauoit auec lui fors entour"
                    HPOS="372"
                    VPOS="2910"
                    WIDTH="971"
                    HEIGHT="93"></String>
          </TextLine>

          
          
          <TextLine ID="eSc_line_b0e65213"
                    TAGREFS="LT6549"
                    BASELINE="372 3026 1346 3014" 
                    HPOS="369"
                    VPOS="2977"
                    WIDTH="977"
                    HEIGHT="89">
            <Shape><Polygon POINTS="372 3026 372 3058 1097 3066 1100 3066 1346 3046 1346 3014 1337 2977 369 2983 372 3026"/></Shape>
	    <String CONTENT="iii. mile chłrs. Le duc reuint dautre part"
                    HPOS="369"
                    VPOS="2977"
                    WIDTH="977"
                    HEIGHT="89"></String>
          </TextLine>

          
          
          <TextLine ID="eSc_line_43e2758e"
                    TAGREFS="LT6549"
                    BASELINE="378 3095 1354 3084" 
                    HPOS="375"
                    VPOS="3035"
                    WIDTH="979"
                    HEIGHT="104">
            <Shape><Polygon POINTS="378 3095 378 3139 1352 3133 1354 3084 1346 3035 375 3043 378 3095"/></Shape>
	    <String CONTENT="a tout sõ effors sus ses anemis corurẽt"
                    HPOS="375"
                    VPOS="3035"
                    WIDTH="979"
                    HEIGHT="104"></String>
          </TextLine>

          
          
          <TextLine ID="eSc_line_f117beaa"
                    TAGREFS="LT6549"
                    BASELINE="369 3162 1343 3156" 
                    HPOS="366"
                    VPOS="3115"
                    WIDTH="977"
                    HEIGHT="90">
            <Shape><Polygon POINTS="369 3162 369 3205 1343 3199 1343 3156 1334 3115 366 3118 369 3162"/></Shape>
	    <String CONTENT="hardiem̃t. et en pou de heure en firent si"
                    HPOS="366"
                    VPOS="3115"
                    WIDTH="977"
                    HEIGHT="90"></String>
          </TextLine>

          
          
          <TextLine ID="eSc_line_4c7bc321"
                    TAGREFS="LT6549"
                    BASELINE="375 3231 1334 3219" 
                    HPOS="372"
                    VPOS="3179"
                    WIDTH="962"
                    HEIGHT="95">
            <Shape><Polygon POINTS="375 3231 375 3274 1331 3266 1334 3219 1326 3179 372 3188 375 3231"/></Shape>
	    <String CONTENT="gnͣt destructiõ q̃ ceulz qui ne furent occis"
                    HPOS="372"
                    VPOS="3179"
                    WIDTH="962"
                    HEIGHT="95"></String>
          </TextLine>

          
          
          <TextLine ID="eSc_line_24c6022f"
                    TAGREFS="LT6549"
                    BASELINE="375 3294 1349 3289" 
                    HPOS="372"
                    VPOS="3251"
                    WIDTH="977"
                    HEIGHT="90">
            <Shape><Polygon POINTS="375 3294 375 3341 1346 3335 1349 3289 1340 3251 372 3254 375 3294"/></Shape>
	    <String CONTENT="ou champ sen fuirent et furent noiez ou"
                    HPOS="372"
                    VPOS="3251"
                    WIDTH="977"
                    HEIGHT="90"></String>
          </TextLine>

          
          
          <TextLine ID="eSc_line_70326d2d"
                    TAGREFS="LT6549"
                    BASELINE="378 3361 1349 3352" 
                    HPOS="375"
                    VPOS="3315"
                    WIDTH="974"
                    HEIGHT="89">
            <Shape><Polygon POINTS="378 3361 378 3404 1346 3404 1349 3352 1340 3315 375 3320 378 3361"/></Shape>
	    <String CONTENT="fleuue dolue. beneureuse fu celle bataille"
                    HPOS="375"
                    VPOS="3315"
                    WIDTH="974"
                    HEIGHT="89"></String>
          </TextLine>

          
          
          <TextLine ID="eSc_line_fa60448e"
                    TAGREFS="LT6549"
                    BASELINE="378 3430 1372 3422" 
                    HPOS="375"
                    VPOS="3375"
                    WIDTH="997"
                    HEIGHT="101">
            <Shape><Polygon POINTS="378 3430 378 3476 1369 3471 1372 3422 1363 3375 375 3387 378 3430"/></Shape>
	    <String CONTENT="on tant de traitres perirent. et tant de chas"
                    HPOS="375"
                    VPOS="3375"
                    WIDTH="997"
                    HEIGHT="101"></String>
          </TextLine>

          
          
          <TextLine ID="eSc_line_30f59352"
                    TAGREFS="LT6549"
                    BASELINE="372 3497 1346 3488" 
                    HPOS="369"
                    VPOS="3448"
                    WIDTH="977"
                    HEIGHT="92">
            <Shape><Polygon POINTS="372 3497 372 3540 1343 3534 1346 3488 1340 3448 369 3448 372 3497"/></Shape>
	    <String CONTENT="tiaux ⁊ de forteresces trebuchierent en un"
                    HPOS="369"
                    VPOS="3448"
                    WIDTH="977"
                    HEIGHT="92"></String>
          </TextLine>

          
          
          <TextLine ID="eSc_line_900f8cc8"
                    TAGREFS="LT6549"
                    BASELINE="375 3566 1346 3557" 
                    HPOS="372"
                    VPOS="3517"
                    WIDTH="974"
                    HEIGHT="89">
            <Shape><Polygon POINTS="375 3566 375 3606 1343 3606 1346 3557 1337 3517 372 3520 375 3566"/></Shape>
	    <String CONTENT="iour. de celle bataille eschapa celui gui qͥ"
                    HPOS="372"
                    VPOS="3517"
                    WIDTH="974"
                    HEIGHT="89"></String>
          </TextLine>

          
          
          <TextLine ID="eSc_line_ab39ab5c"
                    TAGREFS="LT6549"
                    BASELINE="378 3632 1360 3624" 
                    HPOS="375"
                    VPOS="3580"
                    WIDTH="985"
                    HEIGHT="99">
            <Shape><Polygon POINTS="378 3632 378 3679 1357 3661 1360 3624 1352 3580 375 3583 378 3632"/></Shape>
	    <String CONTENT="celle traison auoit bastie et se feri ou chas"
                    HPOS="375"
                    VPOS="3580"
                    WIDTH="985"
                    HEIGHT="99"></String>
          </TextLine>

          
          
          <TextLine ID="eSc_line_15f32b54"
                    TAGREFS="LT6549"
                    BASELINE="381 3699 1366 3693" 
                    HPOS="378"
                    VPOS="3644"
                    WIDTH="988"
                    HEIGHT="92">
            <Shape><Polygon POINTS="381 3699 381 3733 1363 3736 1366 3693 1357 3644 378 3655 381 3699"/></Shape>
	    <String CONTENT="tel de brioc. mais le roy ⁊ le duc alerẽt ap̾s"
                    HPOS="378"
                    VPOS="3644"
                    WIDTH="988"
                    HEIGHT="92"></String>
          </TextLine>

          
          
          <TextLine ID="eSc_line_495af071"
                    TAGREFS="LT6549"
                    BASELINE="384 3762 1334 3756" 
                    HPOS="381"
                    VPOS="3719"
                    WIDTH="953"
                    HEIGHT="84">
            <Shape><Polygon POINTS="384 3762 384 3803 1331 3797 1334 3756 1326 3719 381 3722 384 3762"/></Shape>
	    <String CONTENT="⁊ assistrent le chastel et garnirent les .ii."
                    HPOS="381"
                    VPOS="3719"
                    WIDTH="953"
                    HEIGHT="84"></String>
          </TextLine>

          
          
          <TextLine ID="eSc_line_c66c1180"
                    TAGREFS="LT6549"
                    BASELINE="384 3826 1354 3826" 
                    HPOS="384"
                    VPOS="3780"
                    WIDTH="970"
                    HEIGHT="89">
            <Shape><Polygon POINTS="384 3826 384 3869 1354 3866 1354 3826 1352 3780 384 3785 384 3826"/></Shape>
	    <String CONTENT="riuages dune yaue qui a nõ risle. Qnͣt"
                    HPOS="384"
                    VPOS="3780"
                    WIDTH="970"
                    HEIGHT="89"></String>
          </TextLine>

          
          
          <TextLine ID="eSc_line_5d85c25b"
                    TAGREFS="LT6549"
                    BASELINE="387 3892 1354 3892" 
                    HPOS="387"
                    VPOS="3846"
                    WIDTH="967"
                    HEIGHT="90">
            <Shape><Polygon POINTS="387 3892 387 3936 1354 3936 1354 3892 1352 3846 387 3846 387 3892"/></Shape>
	    <String CONTENT="gui uit quil auoient ainsi les riuages grͣ"
                    HPOS="387"
                    VPOS="3846"
                    WIDTH="967"
                    HEIGHT="90"></String>
          </TextLine>

          
          
          <TextLine ID="eSc_line_d62a85eb"
                    TAGREFS="LT6549"
                    BASELINE="387 3964 1349 3964" 
                    HPOS="387"
                    VPOS="3921"
                    WIDTH="962"
                    HEIGHT="107">
            <Shape><Polygon POINTS="387 3964 387 4028 1349 4014 1349 3964 1349 3921 387 3921 387 3964"/></Shape>
	    <String CONTENT="niz ⁊ q̃ ce estoit uoient de le eschaper ⁊ dau"
                    HPOS="387"
                    VPOS="3921"
                    WIDTH="962"
                    HEIGHT="107"></String>
          </TextLine>

          
        </TextBlock>
        
        <TextBlock HPOS="1499"
                   VPOS="542"
                   WIDTH="1127"
                   HEIGHT="3498"
                   ID="eSc_textblock_887c2548"
                   TAGREFS="BT15500">
          <Shape><Polygon POINTS="1571 542 2545 542 2579 589 2626 1466 2614 3450 2602 3993 2533 4040 1545 4040 1510 3993 1499 646 1571 542"/></Shape>
          
          
          <TextLine ID="eSc_line_d5889606"
                    TAGREFS="LT6549"
                    BASELINE="1539 655 2507 646" 
                    HPOS="1536"
                    VPOS="606"
                    WIDTH="971"
                    HEIGHT="87">
            <Shape><Polygon POINTS="1539 693 2504 684 2507 646 2501 606 1536 609 1539 655"/></Shape>
	    <String CONTENT="tre part quil sot que le chastel estoit ia a"
                    HPOS="1536"
                    VPOS="606"
                    WIDTH="971"
                    HEIGHT="87"></String>
          </TextLine>

          
          
          <TextLine ID="eSc_line_dcb2cfbc"
                    TAGREFS="LT6549"
                    BASELINE="1536 721 2536 710" 
                    HPOS="1534"
                    VPOS="669"
                    WIDTH="1002"
                    HEIGHT="96">
            <Shape><Polygon POINTS="1536 721 1536 765 2533 750 2536 710 2527 669 1534 672 1536 721"/></Shape>
	    <String CONTENT="la famer si fist requerre pardon de sõ meffait"
                    HPOS="1534"
                    VPOS="669"
                    WIDTH="1002"
                    HEIGHT="96"></String>
          </TextLine>

          
          
          <TextLine ID="eSc_line_261eb70a"
                    TAGREFS="LT6549"
                    BASELINE="1539 791 2542 779" 
                    HPOS="1536"
                    VPOS="739"
                    WIDTH="1006"
                    HEIGHT="95">
            <Shape><Polygon POINTS="1539 791 1539 834 2542 817 2542 779 2533 739 1536 747 1539 791"/></Shape>
	    <String CONTENT="⁊ le duc ot pitie de lui par le conseil de sa gẽt"
                    HPOS="1536"
                    VPOS="739"
                    WIDTH="1006"
                    HEIGHT="95"></String>
          </TextLine>

          
          
          <TextLine ID="eSc_line_c6c8061a"
                    TAGREFS="LT6549"
                    BASELINE="1539 857 2501 846" 
                    HPOS="1536"
                    VPOS="808"
                    WIDTH="965"
                    HEIGHT="92">
            <Shape><Polygon POINTS="1539 857 1539 900 2498 898 2501 846 2493 808 1536 817 1539 857"/></Shape>
	    <String CONTENT="le chastel prist en sa main et li ꝯmãda q̃ il"
                    HPOS="1536"
                    VPOS="808"
                    WIDTH="965"
                    HEIGHT="92"></String>
          </TextLine>

          
          
          <TextLine ID="eSc_line_beb7a2a9"
                    TAGREFS="LT6549"
                    BASELINE="1536 929 2536 915" 
                    HPOS="1534"
                    VPOS="874"
                    WIDTH="1002"
                    HEIGHT="96">
            <Shape><Polygon POINTS="1536 929 1536 970 2533 955 2536 915 2527 874 1534 886 1536 929"/></Shape>
	    <String CONTENT="demourast en sa maisõ auec sa ꝓpre mesnie"
                    HPOS="1534"
                    VPOS="874"
                    WIDTH="1002"
                    HEIGHT="96"></String>
          </TextLine>

          
          
          <TextLine ID="eSc_line_443c9044"
                    TAGREFS="LT6549"
                    BASELINE="1539 996 2527 984" 
                    HPOS="1536"
                    VPOS="947"
                    WIDTH="991"
                    HEIGHT="92">
            <Shape><Polygon POINTS="1539 996 1539 1039 2524 1028 2527 984 2519 947 1536 952 1539 996"/></Shape>
	    <String CONTENT="tãt seulem̃t. lors furent hors de leur esꝑance"
                    HPOS="1536"
                    VPOS="947"
                    WIDTH="991"
                    HEIGHT="92"></String>
          </TextLine>

          
          
          <TextLine ID="eSc_line_112b5cc0"
                    TAGREFS="LT6549"
                    BASELINE="1539 1062 2533 1051" 
                    HPOS="1536"
                    VPOS="1016"
                    WIDTH="997"
                    HEIGHT="87">
            <Shape><Polygon POINTS="1539 1062 1539 1103 2530 1091 2533 1051 2524 1016 1536 1025 1539 1062"/></Shape>
	    <String CONTENT="touz ceulz qui contre lui sestoient tournez et"
                    HPOS="1536"
                    VPOS="1016"
                    WIDTH="997"
                    HEIGHT="87"></String>
          </TextLine>

          
          
          <TextLine ID="eSc_line_1b244e86"
                    TAGREFS="LT6549"
                    BASELINE="1539 1129 2530 1120" 
                    HPOS="1536"
                    VPOS="1080"
                    WIDTH="994"
                    HEIGHT="89">
            <Shape><Polygon POINTS="1539 1129 1539 1169 2530 1157 2530 1120 2522 1080 1536 1091 1539 1129"/></Shape>
	    <String CONTENT="meismem̃t qnͣt il uirent q̃ une ꝑtie des chas"
                    HPOS="1536"
                    VPOS="1080"
                    WIDTH="994"
                    HEIGHT="89"></String>
          </TextLine>

          
          
          <TextLine ID="eSc_line_48d24f35"
                    TAGREFS="LT6549"
                    BASELINE="1539 1195 2507 1195" 
                    HPOS="1539"
                    VPOS="1155"
                    WIDTH="968"
                    HEIGHT="86">
            <Shape><Polygon POINTS="1539 1195 1539 1238 2504 1241 2507 1195 2507 1155 1539 1155 1539 1195"/></Shape>
	    <String CONTENT="tiaux ou il auoient leur refuge furet aba"
                    HPOS="1539"
                    VPOS="1155"
                    WIDTH="968"
                    HEIGHT="86"></String>
          </TextLine>

          
          
          <TextLine ID="eSc_line_c1d131dd"
                    TAGREFS="LT6549"
                    BASELINE="1542 1264 2524 1264" 
                    HPOS="1542"
                    VPOS="1224"
                    WIDTH="982"
                    HEIGHT="89">
            <Shape><Polygon POINTS="1542 1264 1542 1311 2522 1313 2524 1264 2524 1224 1542 1224 1542 1264"/></Shape>
	    <String CONTENT="tu. et lautre partie fu garme en la maĩ le"
                    HPOS="1542"
                    VPOS="1224"
                    WIDTH="982"
                    HEIGHT="89"></String>
          </TextLine>

          
          
          <TextLine ID="eSc_line_d5b159fd"
                    TAGREFS="LT6549"
                    BASELINE="1542 1337 2527 1331" 
                    HPOS="1539"
                    VPOS="1290"
                    WIDTH="988"
                    HEIGHT="90">
            <Shape><Polygon POINTS="1542 1337 1542 1380 2524 1380 2527 1331 2519 1290 1539 1293 1542 1337"/></Shape>
	    <String CONTENT="duc. Lors uindrent a lui a merci ⁊ li obei"
                    HPOS="1539"
                    VPOS="1290"
                    WIDTH="988"
                    HEIGHT="90"></String>
          </TextLine>

          
          
          <TextLine ID="eSc_line_205442a1"
                    TAGREFS="LT6549"
                    BASELINE="1542 1406 2542 1391" 
                    HPOS="1539"
                    VPOS="1354"
                    WIDTH="1003"
                    HEIGHT="92">
            <Shape><Polygon POINTS="1542 1406 1542 1446 2542 1438 2542 1391 2533 1354 1539 1365 1542 1406"/></Shape>
	    <String CONTENT="rent ꝯme a leur seigneur. puis q̃ le chastel"
                    HPOS="1539"
                    VPOS="1354"
                    WIDTH="1003"
                    HEIGHT="92"></String>
          </TextLine>

          
          
          <TextLine ID="eSc_line_a4a1bcfd"
                    TAGREFS="LT6549"
                    BASELINE="1545 1469 2513 1469" 
                    HPOS="1545"
                    VPOS="1423"
                    WIDTH="968"
                    HEIGHT="90">
            <Shape><Polygon POINTS="1545 1469 1545 1513 2513 1507 2513 1469 2510 1423 1545 1423 1545 1469"/></Shape>
	    <String CONTENT="⁊ les fortesces furent ainsi abatues ne fu"
                    HPOS="1545"
                    VPOS="1423"
                    WIDTH="968"
                    HEIGHT="90"></String>
          </TextLine>

          
          
          <TextLine ID="eSc_line_cda3a3a4"
                    TAGREFS="LT6549"
                    BASELINE="1545 1539 2516 1527" 
                    HPOS="1542"
                    VPOS="1484"
                    WIDTH="974"
                    HEIGHT="101">
            <Shape><Polygon POINTS="1545 1539 1545 1585 2513 1565 2516 1527 2507 1484 1542 1498 1545 1539"/></Shape>
	    <String CONTENT="puis nulz si hardiz qui sosast croler ꝯtre le"
                    HPOS="1542"
                    VPOS="1484"
                    WIDTH="974"
                    HEIGHT="101"></String>
          </TextLine>

          
          
          <TextLine ID="eSc_line_490c5aa1"
                    TAGREFS="LT6549"
                    BASELINE="1542 1602 2533 1602" 
                    HPOS="1542"
                    VPOS="1559"
                    WIDTH="991"
                    HEIGHT="87">
            <Shape><Polygon POINTS="1542 1602 1542 1634 2530 1646 2533 1602 2533 1559 1542 1559 1542 1602"/></Shape>
	    <String CONTENT="duc. si ot le duc ceste uictoire ꝑ le roy henri."
                    HPOS="1542"
                    VPOS="1559"
                    WIDTH="991"
                    HEIGHT="87"></String>
          </TextLine>

          
          
          <TextLine ID="eSc_line_bf36927d"
                    TAGREFS="LT6549"
                    BASELINE="1551 1669 2539 1669" 
                    HPOS="1551"
                    VPOS="1625"
                    WIDTH="988"
                    HEIGHT="78">
            <Shape><Polygon POINTS="1551 1669 1551 1698 2536 1703 2539 1669 2539 1625 1551 1625 1551 1669"/></Shape>
	    <String CONTENT="En lan de lincarnacion .m.xluii. Incidẽte."
                    HPOS="1551"
                    VPOS="1625"
                    WIDTH="988"
                    HEIGHT="78"></String>
          </TextLine>

          
          
          <TextLine ID="eSc_line_e0fa7365"
                    TAGREFS="LT6549"
                    BASELINE="1603 1735 2539 1724" 
                    HPOS="1600"
                    VPOS="1683"
                    WIDTH="939"
                    HEIGHT="87">
            <Shape><Polygon POINTS="1603 1735 1603 1770 2539 1767 2539 1724 2533 1683 1600 1683 1603 1735"/></Shape>
	    <String CONTENT="¶ En ce temps tenoit la contee de moretuel"
                    HPOS="1600"
                    VPOS="1683"
                    WIDTH="939"
                    HEIGHT="87"></String>
          </TextLine>

          
          
          <TextLine ID="eSc_line_0b0eb5ff"
                    TAGREFS="LT6549"
                    BASELINE="1557 1799 2530 1793" 
                    HPOS="1554"
                    VPOS="1752"
                    WIDTH="976"
                    HEIGHT="87">
            <Shape><Polygon POINTS="1557 1799 1557 1839 2530 1836 2530 1793 2524 1755 1554 1752 1557 1799"/></Shape>
	    <String CONTENT="guilł. guelent destenduz estoit de la lignie"
                    HPOS="1554"
                    VPOS="1752"
                    WIDTH="976"
                    HEIGHT="87"></String>
          </TextLine>

          
          
          <TextLine ID="eSc_line_070b5b55"
                    TAGREFS="LT6549"
                    BASELINE="1545 1868 2522 1862" 
                    HPOS="1542"
                    VPOS="1822"
                    WIDTH="980"
                    HEIGHT="83">
            <Shape><Polygon POINTS="1545 1868 1545 1905 2522 1900 2522 1862 2513 1822 1542 1825 1545 1868"/></Shape>
	    <String CONTENT="du grant richart. un iour senuint a li .i."
                    HPOS="1542"
                    VPOS="1822"
                    WIDTH="980"
                    HEIGHT="83"></String>
          </TextLine>

          
          
          <TextLine ID="eSc_line_1b6e5d1a"
                    TAGREFS="LT6549"
                    BASELINE="1545 1929 2519 1920" 
                    HPOS="1542"
                    VPOS="1882"
                    WIDTH="977"
                    HEIGHT="90">
            <Shape><Polygon POINTS="1545 1929 1545 1972 2516 1969 2519 1920 2510 1882 1542 1888 1545 1929"/></Shape>
	    <String CONTENT="sien chłr qui auoit nõ Robert bigot et li"
                    HPOS="1542"
                    VPOS="1882"
                    WIDTH="977"
                    HEIGHT="90"></String>
          </TextLine>

          
          
          <TextLine ID="eSc_line_c9e9a2af"
                    TAGREFS="LT6549"
                    BASELINE="1545 2001 2510 1992" 
                    HPOS="1542"
                    VPOS="1949"
                    WIDTH="968"
                    HEIGHT="95">
            <Shape><Polygon POINTS="1545 2001 1545 2044 2507 2041 2510 1992 2501 1949 1542 1949 1545 2001"/></Shape>
	    <String CONTENT="dist quil estoit poures ne ne se pooit che"
                    HPOS="1542"
                    VPOS="1949"
                    WIDTH="968"
                    HEIGHT="95"></String>
          </TextLine>

          
          
          <TextLine ID="eSc_line_abd4c7b2"
                    TAGREFS="LT6549"
                    BASELINE="1545 2073 2519 2067" 
                    HPOS="1542"
                    VPOS="2024"
                    WIDTH="977"
                    HEIGHT="92">
            <Shape><Polygon POINTS="1545 2073 1545 2116 2516 2116 2519 2067 2510 2024 1542 2027 1545 2073"/></Shape>
	    <String CONTENT="uir en ce pays et puis li demanda cõgie"
                    HPOS="1542"
                    VPOS="2024"
                    WIDTH="977"
                    HEIGHT="92"></String>
          </TextLine>

          
          
          <TextLine ID="eSc_line_fbea95f2"
                    TAGREFS="LT6549"
                    BASELINE="1548 2142 2536 2136" 
                    HPOS="1545"
                    VPOS="2096"
                    WIDTH="991"
                    HEIGHT="92">
            <Shape><Polygon POINTS="1548 2142 1548 2188 2533 2186 2536 2136 2527 2096 1545 2099 1548 2142"/></Shape>
	    <String CONTENT="daler en pulle ou il auroit sa uie plus ho"
                    HPOS="1545"
                    VPOS="2096"
                    WIDTH="991"
                    HEIGHT="92"></String>
          </TextLine>

          
          
          <TextLine ID="eSc_line_42ac2ba8"
                    TAGREFS="LT6549"
                    BASELINE="1548 2214 2545 2206" 
                    HPOS="1545"
                    VPOS="2165"
                    WIDTH="1000"
                    HEIGHT="90">
            <Shape><Polygon POINTS="1548 2214 1548 2255 2542 2255 2545 2206 2536 2165 1545 2171 1548 2214"/></Shape>
	    <String CONTENT="norablem̃t. Et le conte li dist. qui te fait"
                    HPOS="1545"
                    VPOS="2165"
                    WIDTH="1000"
                    HEIGHT="90"></String>
          </TextLine>

          
          
          <TextLine ID="eSc_line_cdb03c48"
                    TAGREFS="LT6549"
                    BASELINE="1551 2278 2524 2269" 
                    HPOS="1548"
                    VPOS="2232"
                    WIDTH="976"
                    HEIGHT="86">
            <Shape><Polygon POINTS="1551 2278 1551 2315 2519 2318 2524 2269 2516 2232 1548 2238 1551 2278"/></Shape>
	    <String CONTENT="ce faire. et cil li respondi la pourete que ie"
                    HPOS="1548"
                    VPOS="2232"
                    WIDTH="976"
                    HEIGHT="86"></String>
          </TextLine>

          
          
          <TextLine ID="eSc_line_63a333b5"
                    TAGREFS="LT6549"
                    BASELINE="1551 2344 2536 2336" 
                    HPOS="1548"
                    VPOS="2298"
                    WIDTH="988"
                    HEIGHT="87">
            <Shape><Polygon POINTS="1551 2344 1551 2385 2536 2373 2536 2336 2527 2298 1548 2304 1551 2344"/></Shape>
	    <String CONTENT="seuffre. Et le conte li dist apres. se tu me"
                    HPOS="1548"
                    VPOS="2298"
                    WIDTH="988"
                    HEIGHT="87"></String>
          </TextLine>

          
          
          <TextLine ID="eSc_line_506fb6ff"
                    TAGREFS="LT6549"
                    BASELINE="1548 2411 2527 2405" 
                    HPOS="1545"
                    VPOS="2365"
                    WIDTH="982"
                    HEIGHT="95">
            <Shape><Polygon POINTS="1548 2411 1548 2460 2524 2454 2527 2405 2519 2365 1545 2367 1548 2411"/></Shape>
	    <String CONTENT="ueulz croire dist il tu demourras en ce pa"
                    HPOS="1545"
                    VPOS="2365"
                    WIDTH="982"
                    HEIGHT="95"></String>
          </TextLine>

          
          
          <TextLine ID="eSc_line_da81ef1d"
                    TAGREFS="LT6549"
                    BASELINE="1551 2480 2527 2474" 
                    HPOS="1548"
                    VPOS="2434"
                    WIDTH="979"
                    HEIGHT="95">
            <Shape><Polygon POINTS="1551 2480 1551 2529 2524 2512 2527 2474 2519 2434 1548 2437 1551 2480"/></Shape>
	    <String CONTENT="ys. car tu pourras rauir ⁊ prendre sans"
                    HPOS="1548"
                    VPOS="2434"
                    WIDTH="979"
                    HEIGHT="95"></String>
          </TextLine>

          
          
          <TextLine ID="eSc_line_2dfc961b"
                    TAGREFS="LT6549"
                    BASELINE="1554 2547 2533 2541" 
                    HPOS="1551"
                    VPOS="2500"
                    WIDTH="982"
                    HEIGHT="90">
            <Shape><Polygon POINTS="1554 2547 1554 2590 2530 2581 2533 2541 2524 2500 1551 2506 1554 2547"/></Shape>
	    <String CONTENT="toutre dit quãq tu uerras que mestier te"
                    HPOS="1551"
                    VPOS="2500"
                    WIDTH="982"
                    HEIGHT="90"></String>
          </TextLine>

          
          
          <TextLine ID="eSc_line_2926a015"
                    TAGREFS="LT6549"
                    BASELINE="1554 2619 2548 2613" 
                    HPOS="1551"
                    VPOS="2573"
                    WIDTH="997"
                    HEIGHT="89">
            <Shape><Polygon POINTS="1554 2619 1554 2662 2545 2653 2548 2613 2539 2573 1551 2575 1554 2619"/></Shape>
	    <String CONTENT="ẜa. Le chłr le crut et demoura en tel man̾e."
                    HPOS="1551"
                    VPOS="2573"
                    WIDTH="997"
                    HEIGHT="89"></String>
          </TextLine>

          
          
          <TextLine ID="eSc_line_f3593bfb"
                    TAGREFS="LT6549"
                    BASELINE="1557 2679 2519 2685" 
                    HPOS="1554"
                    VPOS="2639"
                    WIDTH="965"
                    HEIGHT="81">
            <Shape><Polygon POINTS="1557 2679 1554 2714 2513 2720 2519 2685 2516 2642 1557 2639 1557 2679"/></Shape>
	    <String CONTENT="Et ne demoura pas puis lõgnem̃t q̃ il fu"
                    HPOS="1554"
                    VPOS="2639"
                    WIDTH="965"
                    HEIGHT="81"></String>
          </TextLine>

          
          
          <TextLine ID="eSc_line_9a80e9c1"
                    TAGREFS="LT6549"
                    BASELINE="1554 2754 2519 2749" 
                    HPOS="1551"
                    VPOS="2705"
                    WIDTH="968"
                    HEIGHT="96">
            <Shape><Polygon POINTS="1554 2754 1554 2801 2516 2795 2519 2749 2510 2705 1551 2711 1554 2754"/></Shape>
	    <String CONTENT="de lostel le duc. et ot samour ⁊ sacoĩtãce"
                    HPOS="1551"
                    VPOS="2705"
                    WIDTH="968"
                    HEIGHT="96"></String>
          </TextLine>

          
          
          <TextLine ID="eSc_line_f7a4ddda"
                    TAGREFS="LT6549"
                    BASELINE="1557 2827 2510 2815" 
                    HPOS="1554"
                    VPOS="2775"
                    WIDTH="956"
                    HEIGHT="98">
            <Shape><Polygon POINTS="1557 2827 1557 2873 2507 2850 2510 2815 2501 2775 1554 2778 1557 2827"/></Shape>
	    <String CONTENT="ꝑ .i. sien cousin qui auoit nõ Ricħ. Un"
                    HPOS="1554"
                    VPOS="2775"
                    WIDTH="956"
                    HEIGHT="98"></String>
          </TextLine>

          
          
          <TextLine ID="eSc_line_58bc0565"
                    TAGREFS="LT6549"
                    BASELINE="1557 2890 2516 2882" 
                    HPOS="1554"
                    VPOS="2832"
                    WIDTH="962"
                    HEIGHT="96">
            <Shape><Polygon POINTS="1557 2890 1557 2928 2513 2922 2516 2882 2507 2832 1554 2850 1557 2890"/></Shape>
	    <String CONTENT="iour ꝑloit a lui le duc pͥueem̃t. si auĩt q̃"
                    HPOS="1554"
                    VPOS="2832"
                    WIDTH="962"
                    HEIGHT="96"></String>
          </TextLine>

          
          
          <TextLine ID="eSc_line_ce4d59c4"
                    TAGREFS="LT6549"
                    BASELINE="1557 2957 2536 2951" 
                    HPOS="1554"
                    VPOS="2910"
                    WIDTH="982"
                    HEIGHT="81">
            <Shape><Polygon POINTS="1557 2957 1557 2991 2536 2985 2536 2951 2527 2910 1554 2913 1557 2957"/></Shape>
	    <String CONTENT="entre les autres paroles li dit te chłr aĩsi"
                    HPOS="1554"
                    VPOS="2910"
                    WIDTH="982"
                    HEIGHT="81"></String>
          </TextLine>

          
          
          <TextLine ID="eSc_line_8e5915a3"
                    TAGREFS="LT6549"
                    BASELINE="1557 3017 2530 3023" 
                    HPOS="1554"
                    VPOS="2974"
                    WIDTH="976"
                    HEIGHT="84">
            <Shape><Polygon POINTS="1557 3017 1554 3052 2524 3058 2530 3023 2527 2974 1557 2974 1557 3017"/></Shape>
	    <String CONTENT="ꝯme le conte guilł. li auoit dit. manđ le"
                    HPOS="1554"
                    VPOS="2974"
                    WIDTH="976"
                    HEIGHT="84"></String>
          </TextLine>

          
          
          <TextLine ID="eSc_line_50078e59"
                    TAGREFS="LT6549"
                    BASELINE="1554 3092 2507 3081" 
                    HPOS="1551"
                    VPOS="3035"
                    WIDTH="956"
                    HEIGHT="101">
            <Shape><Polygon POINTS="1554 3092 1554 3136 2504 3136 2507 3081 2498 3035 1551 3049 1554 3092"/></Shape>
	    <String CONTENT="fist le duc maintenant. et li demãda po᷑"
                    HPOS="1551"
                    VPOS="3035"
                    WIDTH="956"
                    HEIGHT="101"></String>
          </TextLine>

          
          
          <TextLine ID="eSc_line_7c658ced"
                    TAGREFS="LT6549"
                    BASELINE="1557 3159 2527 3159" 
                    HPOS="1557"
                    VPOS="3110"
                    WIDTH="970"
                    HEIGHT="92">
            <Shape><Polygon POINTS="1557 3159 1557 3193 2524 3202 2527 3159 2524 3110 1557 3115 1557 3159"/></Shape>
	    <String CONTENT="quoy il auoit ce dit. Cil ne le pot nier ne"
                    HPOS="1557"
                    VPOS="3110"
                    WIDTH="970"
                    HEIGHT="92"></String>
          </TextLine>

          
          
          <TextLine ID="eSc_line_db1dee55"
                    TAGREFS="LT6549"
                    BASELINE="1560 3225 2548 3225" 
                    HPOS="1560"
                    VPOS="3176"
                    WIDTH="988"
                    HEIGHT="87">
            <Shape><Polygon POINTS="1560 3225 1560 3263 2548 3263 2548 3225 2548 3182 1560 3176 1560 3225"/></Shape>
	    <String CONTENT="declairier lentẽcion de la parole. et le duc"
                    HPOS="1560"
                    VPOS="3176"
                    WIDTH="988"
                    HEIGHT="87"></String>
          </TextLine>

          
          
          <TextLine ID="eSc_line_132c2348"
                    TAGREFS="LT6549"
                    BASELINE="1557 3289 2545 3283" 
                    HPOS="1554"
                    VPOS="3245"
                    WIDTH="991"
                    HEIGHT="87">
            <Shape><Polygon POINTS="1557 3289 1557 3332 2542 3323 2545 3283 2536 3245 1554 3248 1557 3289"/></Shape>
	    <String CONTENT="li dit tout courroucie. as tu donq̃s po᷑cha"
                    HPOS="1554"
                    VPOS="3245"
                    WIDTH="991"
                    HEIGHT="87"></String>
          </TextLine>

          
          
          <TextLine ID="eSc_line_0191012f"
                    TAGREFS="LT6549"
                    BASELINE="1554 3358 2553 3349" 
                    HPOS="1551"
                    VPOS="3312"
                    WIDTH="1002"
                    HEIGHT="92">
            <Shape><Polygon POINTS="1554 3358 1554 3404 2550 3401 2553 3349 2545 3312 1551 3318 1554 3358"/></Shape>
	    <String CONTENT="cie ⁊ fait que normẽdie soit ꝑtoy trouble"
                    HPOS="1551"
                    VPOS="3312"
                    WIDTH="1002"
                    HEIGHT="92"></String>
          </TextLine>

          
          
          <TextLine ID="eSc_line_4e311fe7"
                    TAGREFS="LT6549"
                    BASELINE="1554 3427 2524 3422" 
                    HPOS="1551"
                    VPOS="3381"
                    WIDTH="973"
                    HEIGHT="84">
            <Shape><Polygon POINTS="1554 3427 1554 3465 2524 3465 2524 3422 2516 3381 1551 3384 1554 3427"/></Shape>
	    <String CONTENT="e. et q̃ ie soie desherite par ton pourchaz."
                    HPOS="1551"
                    VPOS="3381"
                    WIDTH="973"
                    HEIGHT="84"></String>
          </TextLine>

          
          
          <TextLine ID="eSc_line_58b4740f"
                    TAGREFS="LT6549"
                    BASELINE="1560 3497 2556 3488" 
                    HPOS="1557"
                    VPOS="3445"
                    WIDTH="999"
                    HEIGHT="92">
            <Shape><Polygon POINTS="1560 3497 1560 3537 2553 3525 2556 3488 2548 3445 1557 3450 1560 3497"/></Shape>
	    <String CONTENT="qui ꝓmeis au chłr souffroiteux tep̃s de ꝓie"
                    HPOS="1557"
                    VPOS="3445"
                    WIDTH="999"
                    HEIGHT="92"></String>
          </TextLine>

          
          
          <TextLine ID="eSc_line_658fc5ae"
                    TAGREFS="LT6549"
                    BASELINE="1560 3560 2545 3554" 
                    HPOS="1557"
                    VPOS="3514"
                    WIDTH="988"
                    HEIGHT="87">
            <Shape><Polygon POINTS="1560 3560 1560 3601 2542 3595 2545 3554 2536 3514 1557 3517 1560 3560"/></Shape>
	    <String CONTENT="⁊ de rapine. Ainsi ne sera pas se dieu plest"
                    HPOS="1557"
                    VPOS="3514"
                    WIDTH="988"
                    HEIGHT="87"></String>
          </TextLine>

          
          
          <TextLine ID="eSc_line_e486101b"
                    TAGREFS="LT6549"
                    BASELINE="1562 3629 2542 3618" 
                    HPOS="1560"
                    VPOS="3575"
                    WIDTH="982"
                    HEIGHT="95">
            <Shape><Polygon POINTS="1562 3629 1562 3670 2539 3658 2542 3618 2533 3575 1560 3583 1562 3629"/></Shape>
	    <String CONTENT="ainz aurons pais ꝑdurable par le don de"
                    HPOS="1560"
                    VPOS="3575"
                    WIDTH="982"
                    HEIGHT="95"></String>
          </TextLine>

          
          
          <TextLine ID="eSc_line_8788a35d"
                    TAGREFS="LT6549"
                    BASELINE="1560 3699 2550 3687" 
                    HPOS="1557"
                    VPOS="3647"
                    WIDTH="993"
                    HEIGHT="89">
            <Shape><Polygon POINTS="1560 3699 1560 3736 2550 3725 2550 3687 2542 3647 1557 3653 1560 3699"/></Shape>
	    <String CONTENT="nr̃e createur. si te cõmant que tu wides tã"
                    HPOS="1557"
                    VPOS="3647"
                    WIDTH="993"
                    HEIGHT="89"></String>
          </TextLine>

          
          
          <TextLine ID="eSc_line_b58abb69"
                    TAGREFS="LT6549"
                    BASELINE="1557 3765 2533 3751" 
                    HPOS="1554"
                    VPOS="3707"
                    WIDTH="979"
                    HEIGHT="96">
            <Shape><Polygon POINTS="1557 3765 1557 3803 2530 3794 2533 3751 2524 3707 1554 3719 1557 3765"/></Shape>
	    <String CONTENT="tost normendie et que tu ne soies si har"
                    HPOS="1554"
                    VPOS="3707"
                    WIDTH="979"
                    HEIGHT="96"></String>
          </TextLine>

          
          
          <TextLine ID="eSc_line_c3868733"
                    TAGREFS="LT6549"
                    BASELINE="1560 3832 2539 3814" 
                    HPOS="1557"
                    VPOS="3768"
                    WIDTH="982"
                    HEIGHT="107">
            <Shape><Polygon POINTS="1560 3832 1560 3875 2536 3860 2539 3814 2530 3768 1557 3791 1560 3832"/></Shape>
	    <String CONTENT="diz q̃ tu y retournes tant ꝯme ie uiue et"
                    HPOS="1557"
                    VPOS="3768"
                    WIDTH="982"
                    HEIGHT="107"></String>
          </TextLine>

          
          
          <TextLine ID="eSc_line_9e687a59"
                    TAGREFS="LT6549"
                    BASELINE="1560 3898 2542 3884" 
                    HPOS="1557"
                    VPOS="3843"
                    WIDTH="985"
                    HEIGHT="95">
            <Shape><Polygon POINTS="1560 3898 1560 3938 2542 3927 2542 3884 2533 3843 1557 3855 1560 3898"/></Shape>
	    <String CONTENT="cil sen ꝑti tantost ⁊ sen ala hõteusement"
                    HPOS="1557"
                    VPOS="3843"
                    WIDTH="985"
                    HEIGHT="95"></String>
          </TextLine>

          
          
          <TextLine ID="eSc_line_05d1ee0c"
                    TAGREFS="LT6549"
                    BASELINE="1562 3964 2539 3953" 
                    HPOS="1560"
                    VPOS="3910"
                    WIDTH="979"
                    HEIGHT="104">
            <Shape><Polygon POINTS="1562 3964 1562 4014 2539 4014 2539 3953 2530 3910 1560 3918 1562 3964"/></Shape>
	    <String CONTENT="en pulle a .i. seul escuier et le duc dona"
                    HPOS="1560"
                    VPOS="3910"
                    WIDTH="979"
                    HEIGHT="104"></String>
          </TextLine>

          
        </TextBlock>
        

        
      </PrintSpace>
    </Page>
  </Layout>
</alto>
