3344 5301
291 591 1027 115 es estitus du concile fait a rome en legli

291 689 1023 88 se .S̾. iehan de latren. En ce meismes ꝑle

294 759 1008 92 m̃t fu denõcie et esprouue que raymon

291 827 1028 91 cõte de tholouse estoit bon crestien ⁊ uiuoit

291 895 1017 91 selon dieu en la foy crestiene. Ne demoura

291 957 1031 106 pas młt que apres la feste .S̾. iehan bapti

291 1033 1011 89 ste le roy loys ala a tours et assembla y

291 1101 1014 97 lec grant compaignie de euesq̃s ⁊ de prelaz

294 1163 1014 97 ⁊ gnͣt ost de barons de chlłrs ⁊ de barons ser

294 1236 1017 95 ganz. puis uint au chastel demõtereul et

294 1304 1008 94 prist triues iusques a .ii. ans a hemeri uis

288 1369 1020 103 conte de chouart. et dilec a la au chastel de

288 1443 1023 100 mort ⁊ lassist. Ilec estoit sauari de mauli

285 1501 1020 101 on ⁊ les gens le roy henri dangletre qui grͣ

285 1578 1026 88 doiẽt ⁊ deffendoient le chastel. Le roy loys

288 1649 1017 88 fist drescier ses engins et ses ꝑrieres et tor

288 1716 1017 95 m̃ta si ceulz qui le chastel gardoient q̃ il se

285 1784 1011 91 doubt̾ent forment et rendirent le chastel *

282 1849 1014 91 sauf leurs corps et leurs auoirs ꝑ telle ꝯ

282 1923 1023 88 diciõ q̃ il niroient ailleurs fors a la roche

285 1990 1008 95 le ⁊ ce iurerent il sus saintes euͣngiles. A

288 2064 1031 91 pres ce quil seu furent ꝑtiz le roy fist garnir

285 2132 1023 91 le chastel de niort et mena son ost a .S̾. ieħ

282 2202 1023 89 dangeli. Ceulz de la uille quant il sorent

282 2270 1017 83 la uenue le roy se doubterent młt et pris

285 2326 1043 97 trent ꝯseil ⁊ alerent au plus tost quil porẽt

288 2406 1026 88 encontre lui et se rendirent et recurent le

288 2467 1034 98 roy ⁊ sa gent młt honnorablem̃t en la uil

285 2541 1008 97 le. Le roy qui fu młt liez de la prosꝑite qͥ

285 2603 1014 109 auenue li estoit sen parti au plus tost q̃

288 2682 1028 92 il pot dilec ⁊ sen torna uers la rochele ⁊ las

285 2753 1026 91 sist le iour des ydes du mois de iuig. Il fist

285 2815 1040 103 drescier ses engins par tout deuãt les murs

288 2894 1040 95 ⁊ greua trop forment ceulz de la uille. mies

285 2965 1011 80 sauari de maulion et .iiiͦ. chłrs et plusẜs

285 3027 1017 97 soudoiers qui dedenz estoient deffẽdirent

288 3098 1028 91 ⁊ tindrẽt le chastel formẽt ⁊ uiguereusem̃t

288 3168 1014 89 ꝯtre le roy ⁊ sa gent. Ainsi ꝯme le siege ⁊

285 3233 1005 94 la g̾re eust ia dure par .xuiii. iours. Il a

282 3304 1026 79 uint q̃ le clergie et les religions et le peu

288 3372 1020 88 ple de par̃. sesmurent et alerent sollemp

285 3439 1011 80 nelm̃t miz piez et en langes aꝓcessiõ des

282 3501 1011 91 leglise nr̃e dame iusques en labbaie .S̾. an

282 3575 1011 91 toine q̃ diex enuoiast uictoire an roy de

285 3645 993 95 frãce ⁊ furent a ceste ꝓcessiõ .iii. roynes.

285 3710 1014 100 madame ysemburge Iadis fẽme le roy

285 3778 1014 88 ph̾e. Madame blanche fẽme le roy loys

285 3846 999 88 Madame beregiere fẽme le roy iehan de

285 3910 1005 95 ihrłm. Lẽdemain de ceste ꝓcession auint si

285 3978 1040 103 ꝯme diex le uoult que contẽs ⁊ descort nuit

1499 613 1005 84 entre sauari de maulion et autres chłrs

1505 683 1005 94 qui le chastel de la rochele gardoient pour

1502 750 1025 95 ce quil trouuerent en une embusche pierres

1505 821 1011 97 ⁊ bran q̃ il cuidoient que le roy dangł. leur

1499 895 990 91 eust enuoie pour la guerre maĩtenir. Et

1499 963 996 91 pour ce et pour la doubtance quil orẽt du

1502 1030 1011 92 roy loys qui deiour en iour les faisoit as

1505 1104 1022 85 saillir forment li rendirent le chastel sau

1502 1169 1008 85 ue leur uie et sen fuirent en auglet̾re. Et

1502 1231 1037 94 en ceste maniere les englois qui lõguem̃t

1502 1301 1034 94 sestoient atapiz en la guerre daquitaine

1502 1372 1011 85 se deꝑtirent uolentiers ou enuis du roy

1502 1431 1028 97 aume de france. Quãt les limozins ⁊ toꝰ

1502 1510 1022 92 ceulz de pierregort et touz ceulz de ca la ga

1502 1578 1028 88 rone oirent dire que la rochele estoit pri

1499 1640 1040 94 se. il uindrent au roy et li firent homage

1496 1711 1037 94 uolent̾s ⁊ degre et li iurerent loyaute a te

1499 1778 1008 95 nir. Le roy loys mist garde a la rochelle

1502 1846 1028 94 et prist les ẜemens des bourgois de la uil

1499 1917 1034 97 le ⁊ repaira a grant lieeste en france. In

1505 1987 1005 95 cidence ¶ Dedenz les octaues de lassõp

1502 2043 1052 109 cion nr̃e dame concile gen̾al fu tenu a mõ

1502 2132 1031 91 pellier. de lauctorite le pape honore qui a

1499 2191 1005 97 uoit mande et donne cõmandem̃t a lar

1499 2261 1028 95 ceuesq̃ denerbone que la pais que le con

1502 2329 1040 94 te raimon de tholouse et les autres barõs

1499 2400 993 91 dalbigois auoient promis a tenir a .S̾.

1502 2470 1043 89 eglise fust oye diligeaument et que lar

1502 2526 1014 103 ceuesq̃ le recõmandast an ppͣe souz sõ seel

1502 2609 999 91 enclose. Larceuesque de nerbonne assẽbla

1499 2674 1037 100 ses p̾laz euesques abbes et clers de toute la

1499 2750 1022 91 dyocese de nerbone et de touz les barõs de

1499 2821 1017 91 la t̾re dentour que il tendroient la t̾re pai

1499 2886 1037 91 siblemient ⁊ seurement et obeiroient a legli

1496 2962 1037 89 se de rome et restabliroient aus clers ⁊ as

1496 3027 1028 94 chanoines leurs rentes entierem̃t ⁊ rẽdro

1493 3095 1031 91 ient les domages .a.xl.m. mars dargent

1496 3165 1037 98 dedenz .iii. ans ⁊ feroient iustice sanz deme

1496 3233 1023 91 ure de ceulz qui ẜoient ataint ⁊ cõuaĩcu

1493 3298 1031 88 de ħesie. et osteroient selon te quil porroiẽt

1502 3369 1019 88 de toute leur ꝓuince la mauuaistie de ħe

1511 3430 1008 95 sie . ¶ Es octaues de la .S̾. mͣrtin en yuer

1496 3489 1028 109 ensuiuant le roy loys de france ⁊ henri le

1499 3575 1020 91 roy dalemaigne filz federic lemꝑeor qͥ de

1499 3642 1022 89 la uolẽte son pere auoit este nouuellem̃t

1496 3713 1008 83 corone en roy dalemaigne assãblerẽt a

1496 3775 996 94 uau coleur pour traitier daucun ꝓfit po᷑

1496 3846 1040 91 les .ii. royaumes. Le .iii. Cõment saua

1499 3916 1008 89 ri de maulion laissa les anglois ⁊ uĩt

1499 3984 1028 106 au roy de france. Et cõment le roy dan
