3343 5345
208 667 1063 113 frere le Roy de france certains traict᷑s

216 748 1061 92 et procureurs de nous et de nr̃e trescħr

210 822 1046 98 ainsne filz Edouard prince de galles

213 899 1055 98 aians ad ce souffisant pouoir ⁊ auc

210 965 1029 106 torite pour nous et pour lui et nr̃e

210 1048 1014 95 Royaume duue part. Et certains

210 1104 1055 98 autres traicteurs et procureurs de nr̃e

213 1181 1043 89 dit frere et de nostre treschier neueu

216 1241 1046 89 Charles duc de normandie ⁊ dalphĩ

208 1315 1043 95 de uiennois filz ainsne de nr̃e dit fre

213 1386 1049 104 re de france. Ayant pouoir ⁊ auctorite

208 1449 1040 106 te son dit pere en ceste partie pour son

202 1526 1081 89 dit pere et pour luy se feussent assem

210 1597 1038 98 blez a Bretigny pres de Chartres ou

210 1674 1035 86 quel lieu fu parle traictie ⁊ accorde fi

210 1728 1011 101 nal paix. Et accorde le . uiii ͤ. iour de

210 1805 1041 77 may derrenierement passe des traic

208 1861 1063 104 teurs et procureurs de lune ⁊ de lautre

208 1944 1075 98 partie Sur les discencions debaz guer

213 2007 999 98 res et descors deuant diz les quiex

205 2078 1043 101 Traictie ⁊ paix les procureurs de noꝰ

208 2149 1057 89 et de nostre dit filz pour nous ⁊ pour luy

210 2209 1029 101 Iurerent aus sains euangiles tenir

208 2286 1022 98 et garder. et apres ce le Iurerent noz

202 2342 1054 107 diz filz et neueu ou nom que dessus.

210 2417 1049 89 Et de puis nous et nr̃e dit frere lauõs

205 2488 1007 86 conferme et iure solempnelment

210 2556 1058 83 par my le quel accort entre les autres

208 2619 1040 103 choses nostre frere et son filz deuant

205 2681 1046 104 diz sont tenuz et ont promis baillier

205 2758 1037 95 deliurer ⁊ delaissier a nous noz hoirs

205 2829 1013 98 et successeurs atousiours les Citez

208 2886 1051 110 Contez. Uilles. Chasteaux. Forteresses

210 2966 1011 92 terres. les rentes. reuenues ⁊ autres

208 3034 1022 104 choses qui seusuyuent auec ce q̃ noꝰ

208 3109 1037 89 tenons en Guyenne et en Gascoĩgne

208 3177 1045 95 a tenir et posseder perpetuelment a noꝰ

208 3236 1043 98 et a noz hoirs ⁊ successeurs ce que en

205 3304 1016 116 demaine en demaine et ce que en fie

208 3388 1028 98 en fie. et par le temps ⁊ maniere cy

208 3456 1007 98 apres esclarciz. La Cite. le Chastel ⁊

205 3509 1057 95 la Conte de Pooitiers. et toute la terre

205 3590 1025 95 et le pays de poitou ensemble le fieu

208 3655 1025 86 de Thouart et la terre de Belleuille .

213 3714 1002 98 La Cite et le Chastel de xaintes. et

210 3791 1035 101 toute la terre ⁊ le pays de xaintonge

213 3860 1029 89 par deca et par dela la charente. auec

216 3925 1026 110 la uille chastel ⁊ forteresse de la rochel

213 3995 1022 95 le et leurs appartenances et appenđ.

202 4067 1036 111 La Conte. le chastel dagen ⁊ la terre

1426 659 1090 110 et le payz dagenoiz. La Cite le chastel et

1420 754 1096 80 toute la Conte de pierregort. et la terre

1426 813 1087 110 et le pays de pierreguis. La Cite et le

1426 887 1099 104 chastel de lymoges et la terre ⁊ le pays

1426 962 1108 109 de lymosin. La Cite et le chastel de Ca

1423 1048 1099 89 ours et la terre et le pays de Caoursin.

1417 1101 1120 110 La Cite et le Chastel et le pays de Tarbe

1423 1181 1123 95 et la terre et le pays et la conte de bigor

1426 1250 1108 98 re. La conte la terre et le pays de gaure.

1423 1303 1090 104 La Conte et le chastel dengoulesme.

1420 1389 1117 98 et la conte et la terre ⁊ le pays dangou

1420 1463 1076 98 lesmois. La Cite et le chastel de Rodes

1420 1532 1085 98 et la terre et le payz de Rouergue. Et

1420 1600 1117 89 sil y a aucuns seigneurs come le Conte

1417 1674 1105 83 de foeiz. Le Conte darmignac. Le Conte

1414 1734 1102 98 de lille. Le Conte de pierregort. Le ui

1417 1802 1135 95 conte de lymoges ou autres qui tiennẽt

1417 1879 1132 83 aucunes terres ou lieux dedenz les mec

1417 1947 1120 98 tes des diz lieux. ilz en feront homaige

1417 2019 1138 92 a nous et tous autres seruices ⁊ deuoirs

1414 2090 1120 98 deuz a cause de leurs terres et lieux en

1411 2152 1082 98 la maniere quilz les ont faiz ou tep̃s

1414 2227 1079 95 passe. Et tout ce que nous ou aucuns

1417 2298 1088 86 des roys dangleterre anciennement

1414 2360 1117 104 tindrent en la uille de monstereul sur

1414 2423 1082 112 la mer et es appartenances. Toute la

1414 2503 1099 95 Conte de pontieu tout entierement

1414 2571 1070 92 Sauf ⁊ excepte que se aucunes choses

1414 2633 1108 89 ont este alienees par les Roys dangle

1411 2705 1132 101 terre qui ont este pour le temps de la dite

1411 2776 1126 104 Conte et appartenances et a autres per

1411 2847 1144 101 sonnes qui aux Roys de france nostre

1408 2904 1079 118 dit frere ne ses successeurs ne seront

1411 2990 1091 98 pas tenuz de les rendre a nous. Et se

1411 3058 1091 95 les dictes alienacions ont este faites

1411 3129 1096 86 aux Roys de france qui ont este par

1411 3198 1096 98 le temps sanz aucun moyen. ⁊ nr̃e

1408 3257 1126 116 dit frere le tiengne apresent en sa maĩ

1414 3325 1105 104 Il les laissera a nous entierement.

1411 3397 1085 115 Excepte que se les Roys de france les

1414 3471 1067 107 ont en par eschange a autres terres

1411 3539 1070 95 nous deliurerons ce que len en a eu

1414 3607 1076 98 par eschange on nous laisserons a

1411 3661 1135 119 nostre dit frere les choses ainsi alieneeᷤ.

1414 3744 1073 107 Mais se les roys dangleterre qui

1414 3818 1091 89 ont este par le temps en auoient a

1414 3889 1064 81 liene ou transporte aucunes choses

1414 3952 1085 104 en autres personnes que es Roys de

1414 4011 1061 98 france. Et depuis ilz soient uenus

1417 4074 1105 118 es mains de nostre dit frere ou aussi
