3445 5277
401 612 1012 123 mage par paroles generales en disant

401 706 1023 94 que nous entrions en son hõmage par

401 776 1000 94 ainsi cõme nous et noz predecesseurs.

395 832 1006 97 dux de Guyenne estoient iadis entrez

395 897 1015 120 en lomage des. Roys de france qui a

395 982 1021 93 uoient este pour le temps. Et de puis

395 1040 1024 106 en cea Nous soions bien enfourmez

398 1119 1029 106 et acertaĩnez de la uerite recognoissons

401 1199 1009 93 par ces presentes lectres que le dit hom

395 1269 988 94 mage que nous feismes a Amiens

395 1336 1000 94 au Roy de france combien que nous

392 1398 1006 120 le feismes par paroles generales fu

392 1474 1021 94 est et doit estre entenduz lige et que

389 1547 997 100 nous li deuons foy et loyaute porter

392 1609 1015 108 cõme duc daquitaine et Per de france

389 1682 1044 109 et cõme Conte de pontif et de Monstroilł

392 1759 1009 99 Et li promectons desore en auant foy

389 1829 1006 108 et loyaute porter. Et pour ce que en

392 1902 1053 112 temps auenir de ce ne soit iamais des

392 1978 1029 103 cort ne content a faire le dit hõmage.

392 2052 1015 108 Nous promectons en bonne foy pour

389 2113 1021 106 nous et nos successeurs dues qui ẜõi

395 2187 1024 120 pour le temps que touteffoiz que nous

389 2269 1024 96 et noz successeurs dues de Guyenno en

387 2333 1046 100 trerons et entreront en lõma ge du Roy

384 2412 1046 97 de france et de ses successeurs qui seroit

387 2477 1043 105 pour le temps.. Lõmage se fera par ceste

384 2562 1032 94 maniere .. Le Roy dangleterre Ducs

384 2629 1020 109 de Guyenne tendra ses mains entre

384 2700 1011 93 les mains du. Roy de france . Et cil

387 2770 1008 100 qui parlera pour le Roy de france a

387 2829 1026 105 drescera ses paroles au. Roy danglet̾

392 2917 997 90 re Ducs de Guyenne et dira ainsy:

384 2966 1014 112 Uous deuenez home lige du Roy. de

381 3051 1038 97 france mon seigneur qui ci est cõme

389 3125 1015 91 Dnes de Guyenne et per de france. et

387 3192 993 91 li promettez foy et loyaute porter *

395 3262 994 91 Dites uoire . Et le dit Roy et Duc et

387 3330 1032 94 ses successeurs ducs de Guyenne. dirõt.

387 3386 1017 105 uoire Et lors le Roi de france receura

378 3459 1026 97 le dit Roy dangleterre et duc au dit hõ

389 3523 1006 115 mage lige a la foy et ala bouche. Sauf

387 3603 973 96 son droit ⁊ lautruy. Derechief quan

389 3676 947 102 le dit Roy ⁊ duc entrera en lõmage du

392 3749 980 97 Roy de france et de ses successenrs Roys

387 3825 988 82 de france pour la conte de pontif et de

392 3875 1021 109 monstroilł. Il mectra ses mains entre

387 3954 1011 105 les mains du. Roy de france. et cil qui

1594 642 1024 87 parlera pour le Roy de france a drescera

1597 703 1065 82 ses paroles au dit Roy et duc ⁊ dira aĩsi.

1589 773 1064 83 Uous deuenez hõme lige du roy de fnͣce

1592 847 1043 82 monẜ qui ci est cõme conte de pontif ⁊ de

1594 917 1047 76 Monstroilł. et li promectez foy ⁊ loyau

1594 973 1038 91 te porter. Dites uoire. Et le dit Roy ⁊

1586 1043 1090 94 duc cõme conte de pontif ⁊ de monstroilł.

1589 1122 1058 91 dira uoire. Et lors le Roy de france rece

1592 1199 1064 82 ura le dit Roy et conte au dit hõmage

1586 1263 1061 91 lige a la foy ⁊ ala bonche Sauf sõ droit

1594 1333 1074 100 et lautrui. Et aussi sera fait ⁊ renouuel

1592 1418 1058 80 le toutes les foiz que lõmage se fera. et

1589 1486 1055 82 de ce baillerons nous ⁊ nos successeurs

1592 1547 1061 94 Ducs de Guyenne faiz les diz hõmages.

1589 1615 1081 97 lectres patentes seellees de noz gnͣs seaulz

1589 1682 1061 97 se le Roy de france le requiert. Et aueq̃s

1592 1764 1064 94 ce nous promectons en bonne foy tenir

1592 1826 1064 100 et garder effectuelment les paix ⁊ accors

1589 1908 1049 94 faiz entre les roys de france ⁊ les Roys

1589 1981 1032 91 dangleterre Dux de Guyenne et leurs

1594 2055 1047 88 predecesseurs Roys dangleterre et ducs

1589 2122 1052 88 de Guyenne. Et en ceste maniere ẜa fait

1592 2192 1026 88 et seront renouuellees les dites lectres

1589 2248 1040 117 par les diz Roys ⁊ ducs ⁊ leurs succesẜs

1589 2333 1035 91 ducs de Guyenue et conte de pontif et de

1589 2406 1046 100 monstroilł toutes les foiz q̃ le Roy dan

1592 2468 1037 114 glet̾re duc de Guyenne ⁊ ses succesẜs ducs

1589 2553 1017 88 de Guyenne ⁊ conte de pontif ⁊ de mon

1592 2617 1049 94 stroilł qui seront pour le tep̃s entreront

1592 2691 1008 99 en lõmage. du Roy de france etrde ses

1589 2746 1017 115 successeurs Roys de france. En tes

1586 2829 1014 102 moignance des quelles choses a cestes

1583 2896 1020 111 noz lectres ouuertes auons fait mes

1600 2966 1065 94 tre nostre grant seel . Donne a Eltham

1589 3040 1043 88 le trentiesiue iour de Mars lan de grace

1605 3109 973 92 Mil troiscenz et trentisme premier

1841 3186 765 91 Uant le. Roy de france ot re

1847 3254 785 93 ceu du. Roy dangleterre le dit

1832 3315 762 103 homage en la manniere que

1606 3374 1023 105 dessus est contenu Lors furent les ious

1594 3456 1044 91 tes cõmenciees młt belles et młt grans

1597 3529 1047 106 et fu ilecques le Roy dangleterre moult

1589 3591 1037 99 grandemient honnore. Et apres ce que

1600 3670 1024 100 ces choses furent ainsi faites ⁊ aꝯplies

1586 3726 1038 105 les .ii. Roys pristrent congie bñ alantͤ

1571 3808 1047 94 et sen retourna le Roy de france a biau

1586 3869 1055 106 nais. et le Roy dangleterre sen retourna

1589 3957 1017 92 tantost en anglet̾re. ¶ En ce temps
