3390 5338
871 646 1030 113 le mercier de la glorieuse uictoire q̃ dieu

874 744 1015 92 li auoit donnee par les prieres de nr̃e da

877 815 1018 89 me ⁊ de monẜ .S̾. denis ⁊ des autres .S̾. de

880 880 1021 89 paradis. et li rendi sur son autel loriflã

874 951 1006 89 be quil auoit prise quant il sestoit parti

877 1020 1033 92 a aler contre les flamens. Et puis sẽ ala

874 1085 1044 89 a nr̃e dame de chartres. et qnͣt il fu la il se

877 1150 1018 95 fist armer des armes quil auoit portees ẽ

877 1224 1024 89 la bataille des flamens. Et puis monta

880 1287 1053 94 sus .i. destrier et ainsi entra en leglise de nr̃e

880 1358 1035 86 dame de chartres. et tres deuotem̃t la mer

880 1426 1006 89 cia ⁊ li p̾senta le dit cheual ou il estoit

880 1467 1035 128 mõtez ⁊ toutes ses armeures ¶ Item en

880 1559 1021 98 lan desẜ dit cest a sauoir le treziesme io᷑

880 1634 1027 91 doctembre la royne climence fem̃e iadis

880 1702 1035 106 au roy loys hutin trespassa. et en leglise

871 1767 1009 92 des freres prescheurs de paris fu enterree.

894 1842 1023 106 Item en ce temps loys le conte de flan

886 1906 1021 101 dres a la requeste du quel en ꝑtie le roy

877 1980 1044 101 pħe auoit entrepris la guerre des flamẽs

880 2043 1027 104 derrenierem̃t finee noblia pas les ꝑoles q̃

877 2114 1035 101 le roy pħe li auoit dites qnͣt il ꝑti de flã

886 2191 1041 101 dres si cõme dessus sont escriptes. cest a sa

886 2256 1041 95 uoir quil gardast iustice et si fist il. Car

886 2327 1026 92 dedenz trois moys ou enuiron il extirpa

886 2396 1021 98 de ceulz qui auoient este ꝯspirateurs ⁊ de

886 2464 1041 98 tracteurs ꝯtre le roy et contre li. ⁊ en mist

889 2535 1038 89 ⁊ fist metre a mort iusques au nõbre de.

895 2603 1056 107 xͫ. ou enuiron si cõme len maĩtenoit ꝯmu

889 2674 1041 92 nem̃t. Mais le principal capitaine des ã

895 2746 1035 100 glois flamens. mais le pinapal capitai

889 2814 1053 101 ne qui estoit appelle guilłe de cany de bru

892 2882 1044 101 ges. Quant il uit que le conte de flãdres

895 2947 1023 98 faisoit iustice si ot paour ⁊ sen fui au *

892 3013 1015 100 duc de brebant et li requist aide ꝯtre le

895 3087 1035 100 conte de flandres. le quel auoit fait met

892 3158 1023 92 tre a mort plusseus preudeshõmes si cõ

889 3223 1021 104 me il disoit. ne encore ne desistoit il poĩt

892 3288 1041 104 de iour en iour. Et promist le dit guilłe

892 3368 1044 98 de cany au dit duc de breban cheuaux. ar

895 3431 1029 98 meures ⁊ tres grant sõme dargent. Au

895 3505 1047 101 quel le dit duc respondi que ceste chose ne

895 3573 1032 89 feroit il pas sanz le conseil du roy de frãce

895 3641 1023 104 ne sanz son assentement. Mais le dit *

898 3709 1026 101 guilłe yroit par deu̾s le roy ⁊ de sa gent

898 3784 1035 89 auec lin. Et ce que le roy ordeneroit a la

901 3852 1023 95 req̃ste du dit guilłe le dit duc le feroit a

898 3926 1038 98 sõ pooir. Le quel chut ou las quil auoit

901 3994 1035 98 tendu. Car il fu admene a par̃. au roy et

904 4068 1023 110 fu faite enqueste sus lui par la quelle il

2096 658 970 118 fu trouue młt coupable et pour ce fu młt

2096 744 964 110 honteusement condampue. P̾mierem̃t

2099 803 955 119 il fu tourne ou pilori. puis li furẽt les .ii.

2099 886 946 92 poĩgs coppes. puis fu mis en une haute

2102 954 946 95 roue et ses poings empres li. Mais qnͣt

2099 1017 958 109 len uit quil senclinoit a mourir len losta

2099 1085 955 107 de la dc̃e roe et fu lie a la queue dune cha

2102 1156 958 92 rete ⁊ fu traine et de puis apres il fu pen

2114 1224 949 104 du ⁊ ses poings empres lui ¶ It̃e ou tep̃s

2105 1287 952 94 ensuiuant ⁊ en ceste p̾seũte annee messire

2105 1358 961 104 iehan de cherchemont chancelier du roy de

2105 1423 955 95 france tres sage es choses seculieres ⁊ tres

2105 1494 964 107 conuenable es cours du pape et du roy. en

2105 1565 940 92 uiures tres delicieux en port en manie

2108 1634 955 91 re. au iugement de pluseurs tres orgueil

2108 1702 949 104 leux. Auint quil uoĩt partir pour aler ue

2108 1773 958 101 oir une chapelle de chanoines la quelle il

2108 1841 946 101 auoit faite edefier la on il auoit este nez.

2111 1909 949 95 Cest assauoir en la dyccese de poitiers. Et

2114 1972 940 103 aloit la plus po᷑ sõ nõ magnifier q̃ pour

2108 2049 952 101 le nõ de dieu honnorer si ꝯme plusẜ disoi

2114 2129 958 80 ent ⁊ le creoient. Mais dieu iuge des cuers

2114 2188 955 86 des hõmes et alui seul aꝑtient ⁊ nõ a autre.

2120 2256 946 83 Si auint de par la ꝑmission de dieu que le

2111 2327 937 81 dit messire iehan de cherchemont tres ce

2117 2390 925 95 quil fu entre ou dyccese de poit̾s ou quel

2117 2464 920 92 il auoit esꝑance dauoir tres grans hon

2120 2535 937 89 neurs sanz parler a aucune ꝑsõne il mou

2114 2594 926 92 rut soudainem̃t. Le seel du roy fu porte

2117 2657 923 100 au roy et le corps fu enterre par la maĩ

2117 2737 923 80 de leuesque de poitiers en la chapelle q̃ le

2122 2789 912 102 dit messire iehan auoit fondee. ¶ Itẽ

2120 2870 905 92 en ce meismes an le roy de france pħe

2123 2935 908 98 enuoia par deuers le roy dangletre ter

2120 3004 917 92 tains messages entre les quiex fu mais

2117 3072 914 98 tre pierre rogier abbe de fescan dateur en

2123 3140 919 101 theologie a fin quil adiournassent le roy

2120 3202 911 104 danglet̾re pour faire hõmage au dit roy

2120 3268 908 106 de france de la duchiee daquitaine. Les

2126 3345 919 103 quiex messages demourerent lõguem̃t en

2129 3407 908 116 anglet̾re et accendoient pour parler au *

2129 3475 908 110 roy. mais il ne porent onq̃s parler a lui

2129 3543 916 107 si ꝑlerent a sa mere la quelle leur dõnoit

2132 3603 934 115 respõses nõ conuenables en man̾e de fẽme ⁊

2132 3674 910 124 qnͣt il uirent que autre chose nẽ pooiẽt fai

2132 3754 910 116 re si retorn̾ent en france ⁊ distrẽt au roy

2126 3807 885 116 tout ce quil auoient fait ⁊ oy ¶ Item

2129 3878 902 131 en ceste meismes annee le ppͣe iehan fist

2129 3950 913 136 publier a paris aucuns proces fais ꝯtre

2141 4021 899 145 pierre ranuche le quel se faisoit appeller
