3254 5259
140 633 981 103 diz pays et forteresses qui estoient siennes

124 719 1033 82 ¶ Item que len traicte les meilleurs alian

114 774 1029 105 ces que lenpourra auecques le roy danglet̾re

105 853 1032 99 contre le roy de france et que len traicte par

114 920 1049 93 les dictes aliances le mariage de lune des filles

111 990 1035 93 du Roy de nauarre et du roy dangleterre. et

108 1060 1055 94 le mariage du filz du duc de lencastre et de lu

111 1130 988 88 ne des filles du dit roy de nauarre ou du

100 1188 1043 100 Conte de mortaing et de du duche

104 1258 1049 96 de lencastre. ¶ Item que len traicte que les

114 1317 1034 102 terres de bayonne de soble et de labourt soiẽt

108 1387 1049 100 bailliees au dit. Roy de nauarre siennes a

116 1472 1015 82 heritage et quil soit lieu tenant ⁊ garde de

114 1528 1029 102 bordeaux et dacx et des parties denuiron po᷑

114 1606 1052 88 et ou nom du roy dangleterre et quil facent

116 1682 1041 88 guerre lun pour lantre contre le Roy de france

116 1747 1030 81 et que pour ce soit le dit Roy dangleterre te

119 1819 1035 74 nuz de baillier au dit roy de nauarre certaĩ

114 1872 1029 94 ne sõme de gens darmes et dargent la plus

119 1951 1029 85 grant que len pourra et tout ce que ses gẽs

116 2015 1041 88 en pourront traire. Et que nul des diz Roys

114 2088 1049 82 ne puisse sanz lautre faire paix au dit. Roy

114 2156 1011 105 de france. Et combien que le dit Roy de

111 2226 1040 90 nauarre fist demander au dit roy danglet̾

116 2305 1044 82 bayonne comme dit est. toutesuoies estoit

111 2366 1017 85 lentencion du dit Roy de nauarre que ou

111 2433 1064 85 cas que le roy daugleterre ne la lui uouldroit

114 2500 1032 85 baillier que ce non obstant len procedast

114 2565 1029 93 auant es dictes aliances ¶ Item que

116 2632 1032 90 len accorde de baillier au dit roy dangleterre

116 2705 1059 82 pour tenir ces choses fermes et pour seurtez

119 2769 1027 79 les chasteaux et uilles. de nogent le Roy.

114 2822 1053 106 danet. diury et de nouancourt ¶ Iten

116 2907 1032 90 que len traicte aliances entre le duc de len

105 2977 1035 93 castre et le dit roy de nauarre pour le fait

108 3047 1035 90 contre le roy despaigne. Et que par le dit

96 3111 1041 94 traictie le dit duc de lencastre soit tenuz de

114 3187 1040 96 enuoier au roy de nauarre certaine ꝙͣtite

114 3260 1032 99 de gens darmes le plus que len pourra a

109 3335 1035 78 uoir ¶ Et le .xxxͤ. iour de mars ensuy

137 3386 988 108 uant en chastellet aparis. presens monẜ

122 3475 1034 92 le chancelier. les diz mesẜ nicolas braque

116 3538 1038 90 mesẜ Estienne. mesẜ pierre. Maistre Iehan

122 3608 1029 84 pastorel le preuost de paris et Giles Malet.

116 3669 1024 99 Dist le dit Iaquet que en ce karesme a .iiii.

119 3739 1000 100 ans en la fin de la cheuauchee que le duc

122 3806 1009 94 de lencastre fist par le royaume de france.

114 3882 1061 80 ou quel temps se deuoient condurre certaĩs

116 3938 1024 105 traictiez de paix dentre le Roy despaigne ⁊ le

116 4011 1027 105 dit Roy de nauarre y celui roy de nauarre

1316 651 1069 91 uint deuers le dit duc de lencastre a ace ⁊ liu

1327 730 1061 82 requist entre les autres choses que il lui uoul

1327 791 1064 88 sist aidier ad ce que il ne lui conuenist pas

1327 861 1052 94 prendre si deshonnorable traictie comme il

1327 926 1064 96 auoit auecques le dit Roy de Castelle ⁊ que

1330 1005 1052 84 au mains li uousist aidier dun nombre

1324 1066 1070 93 de ses gens et il en paieroit les gaiges ⁊ prẽ

1333 1140 1066 87 droit lauenture de lui faire guerre. ¶ Et en

1327 1200 1061 91 ce temps le dit roy de nauarre fist parler de

1327 1268 1038 96 aliances et amistiez auoir auec Pierres

1327 1335 1064 93 Meuric adolentado de castelle pour estre a

1327 1405 1067 96 uecques lui contre le dit Roy despaigne ou

1330 1472 1120 94 cas quil y eust guerre. Et dit que a un iour

1327 1542 1090 97 en celui temps le dit pierre Iehan peris dillo

1330 1621 1084 82 e Iehan sauchis Capitaine de treuignon es

1327 1682 1055 100 cuiers et familliers du dit pierre et autres

1330 1744 1070 102 iusques au nombre de .ui. de sa partie et feu

1324 1814 1073 88 Radugo et le dit Iaquet. Mahiet de quoq̃rel

1330 1890 1076 85 Sancho lopiz et autres deux personnes de la

1324 1957 1061 85 partie du roy de nauarre furent ensemble

1330 2021 1079 94 sur les champs entre le groing ⁊ uienne po᷑

1327 2091 1090 97 accorder les dictes aliances. et la le dit pier

1333 2173 1099 97 re accorda estre de la partie du Roy de nauar

1327 2232 1090 102 re contre le Roy de Castelle mais que il feust

1327 2311 1073 87 puissant de lui faire guerre ¶ Et accorda

1327 2366 1082 96 baillier au Roy de nauarre en de cas son lieu

1324 2439 1049 94 de treuignon et le groing que il gardoit

1330 2509 1081 85 pour le roy de Castelle. Et le roy de nauarre

1324 2573 1067 82 li promist donner certaines terres et lieux

1327 2638 1070 93 en son royaume de nauarre. et a .ii. freres

1327 2708 1093 90 quil auoit lors autres heritages ou rentes.

1327 2778 1090 102 Mais pour ce que le dit duc de lencastre na

1324 2851 1108 85 corda point au roy de nauarre ce quilz auoi

1327 2918 1079 97 ent accorde dune partie et dautre ne se mist

1324 2980 1111 99 point a effect. Et de puis a le dit uoy de na

1327 3056 1061 90 uarre donne rente au dit pierre meuric

1330 3129 1032 93 et a ses deux escuiers. Cest assauoir au

1327 3196 1082 93 dit pierre .u ͨ. florins de rente et a chascun

1327 3266 1105 96 des diz escuiers .C. florins de la quelle rẽ

1327 3339 1058 88 te ilz ont este et sont encores bien paiez

1330 3400 1079 91 Et pour ce pense le dit Iaquet se le dit roy

1324 3476 1049 91 de nauarre auoit guerre au dit Roy de

1330 3541 1041 102 Castelle que le dit mesẜ pierre y serõit

1327 3614 1061 90 de la partie de tout son pouoir mais que

1324 3678 1093 102 le dit Roy de nauarre eust grant pouoir

1328 3758 1070 94 et grant effort. ¶ Item que len adui

1327 3815 1044 102 se le dit maistre pierre de tenir au long

1321 3894 1111 82 le plus quil pourra et par bonne maniere

1324 3958 1090 85 les traictiez du Roy de france et du Roy de

1321 4028 1111 106 nauarre. soit par laissier les droiz royaulx
