3235 5291
794 655 1094 97 entre noz amez et feaulx lesleu de Beau

794 731 1091 103 uais nostre Chancelier. Messire Charles

794 808 1064 100 Sires de mont morency. Mesẜ Iehan

794 878 1079 86 le maingre dit Bouciquaut mareschal

794 949 1055 85 de france. Messire Aymart de la tour

791 1014 1079 82 sire de uignay. Messire Raoul de Res

796 1081 1042 91 neual. Messire Symon de bucy chłrs

799 1146 1074 85 Maistre Estienne paris et pierre de la

796 1213 1100 97 charite noz conseilliers et auecques plu

796 1281 1065 85 seurs autres cheualiers clers et saiges

796 1340 1089 91 de nostre conseil noz procureurs ⁊ messai

799 1416 1080 83 ges especiaulx ace faire depar nous pour

796 1472 1089 97 monseigneur et pour nous especialmẽt

799 1549 1065 76 establiz et ayans pouoir de par nous de

796 1604 1092 103 faire. traicter. accorder. promectre ⁊ Iurer

796 1675 1089 91 en lame de nous et pour mon seigneur

796 1744 1112 99 #et pour nous bonne paix ⁊ accort ⁊ boneᷤ

799 1807 1065 97 treues et loyaux dune part. Et monẜ

802 1878 1074 94 Regnault de Cobehan. Monseigneur

805 1957 1077 97 Berthelemy de broueiz. Monẜ franc de

799 2025 1053 94 hale banerez. Mile de Stapelencon *

805 2092 1080 92 Monẜ Richart la uache et Noel loreng

805 2151 1086 94 cheualiers procureurs ⁊ messaiges espec̃

796 2225 1071 91 de Mesẜ Eduuart filz ainsne du Roy *

799 2292 1071 88 dangleterre especialment a ce establiz et

805 2357 1091 94 ayans semblable pouoir et auec eulz pluẜ

805 2427 1083 89 autres cheualiers clers et saiges du con

802 2489 1086 100 seil du roy dangleterre dautre part. Sur

808 2566 1080 97 tous les descors et articles pour les quelz

808 2633 1071 94 estoient guerres qui longuement ont

805 2704 1083 91 dure eutre les deux Roys leurs royau

811 2774 1094 94 mes dessus diz. Et nous les aliez aidans

811 2848 1103 88 et amis dune part et dautre ait este traic

808 2912 1112 92 tie bonne paix et accort final a tousiours

805 2983 1083 85 durans au plaisir de dieu contenans *

814 3045 1077 97 pluseurs articles les quelz ne peuent

814 3118 1079 97 une estre acompliz en brief temps. Et

814 3186 1097 100 pour ce conuient que ce pendant bonnes

817 3265 1074 85 treues ⁊ loyaux soient prises accordees

817 3324 1115 91 tenues et gardees dune part ⁊ dauire tãt

820 3400 1103 97 de leurs Royaumes que dehors leurs roy

826 3471 1094 91 aumes ¶ Nous pour lõneur ⁊ reue

826 3536 1100 79 rence de nostre saint pere le pape qui pour

826 3603 1082 71 ce a enuoie deuers nous ses especiaulx *

829 3668 1094 94 messages . Cest asauoir labbe de Clugny

826 3738 1088 80 Messire hugue de Geneuure ⁊ le mais

826 3794 1100 103 tre de lordre des freres prescheurs qui sur

835 3880 1091 85 ce nous ont requis a grant instance ou

838 3941 1070 83 nom de monseigneur et de nous pour li

829 4010 1055 92 et pour nous ses subgiez aliez amis et

2034 656 940 137 aydans et pour les nostres Auons accor

2038 734 923 124 de ⁊ octroye accordons ⁊ octroyons aus

2040 802 903 126 dit Roy dangleterre ases subgiez aliez

2043 873 903 120 aidans et amis bonnes treues ⁊ loyaux

2043 946 912 118 du date de ces lectres iusques au iour de

2043 1008 918 120 la Saint michiel prouchain uenant et

2043 1072 909 121 dicelui iour iusques ala Saint Michiel

2046 1149 909 112 qui sera lan mil CCC Soixante ⁊ un et

2049 1208 906 105 tout le iour de la dicte feste iusques au

2049 1275 912 118 souleil couchie. Et accordons uoulous

2049 1346 912 114 et octroyons es noms de monseigneur

2052 1410 894 115 et de et pour tous les dessus diz de nr̃e

2060 1485 920 94 partie que les dictes treues soient tenueᷤ

2058 1546 912 97 et gardees et les promectons en bonne

2055 1613 885 97 foy sanz fraude ⁊ sanz mal engin es

2055 1687 903 94 noms deuant diz tenir et faire tenir

2052 1734 906 114 fermement par tout le pouoir de mõẜ

2055 1816 909 106 et le nostre par my les quelles tous les

2055 1887 888 91 subgiez dune part et dautre de luu roy

2061 1954 909 91 aume et de lautre pourront franchem̃t

2061 2016 906 100 sanz contredit aler ⁊ ueuir paisiblemẽt

2061 2087 915 88 de lun royaume en lautre ⁊ marcheãs

2067 2157 876 100 marchander et faire tous contractz

2067 2213 897 106 de bonne foy sanz blasme ⁊ sauz reprou

2067 2292 888 91 che tout en la maniere que len pouoit

2070 2357 900 100 et souloit faire en temps de bonne ⁊ fer

2067 2425 906 99 me paix et que se onques guerres neus

2067 2486 894 100 sent este entre les diz Roys nous ⁊ les

2070 2572 897 82 Royaumes. Et ne pourront ou deuront

2070 2633 894 94 les diz Roys ou leurs subgiez aliez ou

2070 2704 894 88 aidans durant les dictes treues prendre

2067 2771 894 94 on embler escheler ou autrement occuꝑ

2067 2836 879 91 ou empeschier en quelque maniere au

2073 2917 906 87 cune uille chastel forteresse ou autre lieu.

2076 2977 885 97 Mais cesseront toutes roberies pilleries

2079 3036 894 103 prises de personnes arsures rauissemẽz

2082 3110 894 102 prises repͥsables Marques ⁊ autres pͥri

2079 3171 882 106 ses et tous autres malefices par teire et

2088 3236 870 114 par mer. Et se aucune chose estoit faite

2082 3309 894 109 ou actemptee de la partie de monẜ ou la

2088 3388 908 104 nostre ou daucun ou par aucũ du pouoir

2090 3442 871 105 monseigneur ⁊ du nostre contre ce que

2086 3525 878 93 dessus est dit ou contre les dictes treues

2088 3585 895 101 Monẜ et nous le ferons reparer ⁊ met

2082 3644 870 103 tre au premier ⁊ deu estat sanz delay

2089 3712 895 109 si tost ꝯme nous on noz deputez en serõs

2090 3785 877 102 requis et ferons rendre et restablir ce

2088 3830 875 120 qui seroit robe pris raui ou pillie ou

2090 3916 883 119 lestimacion dicelles choses se elles nestoi

2087 3976 879 137 ent transmuees. ⁊ pour aucũ des faiz
