<?xml version="1.0" encoding="UTF-8"?>
<alto xmlns:xsi="http://www.w3.org/2001/XMLSchema-instance"
      xmlns="http://www.loc.gov/standards/alto/ns-v4#"
      xsi:schemaLocation="http://www.loc.gov/standards/alto/ns-v4# http://www.loc.gov/standards/alto/v4/alto-4-2.xsd">
  <Description>
    <MeasurementUnit>pixel</MeasurementUnit>
    <sourceImageInformation>
      <fileName>btv1b84472995_f781.jpg</fileName>
      
    </sourceImageInformation>
  </Description>
  
  <Tags>
    <OtherTag ID="BT15500" LABEL="MainZone" DESCRIPTION="block type MainZone"/><OtherTag ID="BT16241" LABEL="NumberingZone" DESCRIPTION="block type NumberingZone"/>
    <OtherTag ID="LT6549" LABEL="DefaultLine" DESCRIPTION="line type DefaultLine"/>
  </Tags>
  
  <Layout>
    <Page WIDTH="3447"
          HEIGHT="5277"
          PHYSICAL_IMG_NR="766"
          ID="eSc_dummypage_">
      <PrintSpace HPOS="0"
                  VPOS="0"
                  WIDTH="3447"
                  HEIGHT="5277">
        
        <TextBlock HPOS="316"
                   VPOS="539"
                   WIDTH="1188"
                   HEIGHT="3550"
                   ID="eSc_textblock_58d80902"
                   TAGREFS="BT15500">
          <Shape><Polygon POINTS="1504 596 1487 4042 1440 4089 363 4066 316 3972 352 3257 340 633 422 539"/></Shape>
          
          
          <TextLine ID="eSc_line_e91dff4a"
                    TAGREFS="LT6549"
                    BASELINE="422 656 1446 656" 
                    HPOS="422"
                    VPOS="608"
                    WIDTH="1024"
                    HEIGHT="78">
            <Shape><Polygon POINTS="422 686 1446 686 1446 656 1443 608 422 619 422 656"/></Shape>
	    <String CONTENT="les geneuois birent celle bourse ilz com"
                    HPOS="422"
                    VPOS="608"
                    WIDTH="1024"
                    HEIGHT="78"></String>
          </TextLine>

          
          
          <TextLine ID="eSc_line_d86c632e"
                    TAGREFS="LT6549"
                    BASELINE="419 721 1437 721" 
                    HPOS="419"
                    VPOS="674"
                    WIDTH="1018"
                    HEIGHT="82">
            <Shape><Polygon POINTS="419 721 419 756 1437 753 1437 721 1437 677 419 674 419 721"/></Shape>
	    <String CONTENT="mencierent a assaillir la uille plꝰ fort"
                    HPOS="419"
                    VPOS="674"
                    WIDTH="1018"
                    HEIGHT="82"
                    WC="0.9880448073148728"></String>
          </TextLine>

          
          
          <TextLine ID="eSc_line_a15fe071"
                    TAGREFS="LT6549"
                    BASELINE="416 791 1449 785" 
                    HPOS="413"
                    VPOS="727"
                    WIDTH="1036"
                    HEIGHT="111">
            <Shape><Polygon POINTS="416 791 416 838 1446 817 1449 785 1443 741 1012 727 1009 727 413 741 416 791"/></Shape>
	    <String CONTENT="que par auant et pristrent maulz de fer"
                    HPOS="413"
                    VPOS="727"
                    WIDTH="1036"
                    HEIGHT="111"
                    WC="0.9941860850040729"></String>
          </TextLine>

          
          
          <TextLine ID="eSc_line_3bffcac4"
                    TAGREFS="LT6549"
                    BASELINE="416 856 1443 856" 
                    HPOS="416"
                    VPOS="815"
                    WIDTH="1027"
                    HEIGHT="85">
            <Shape><Polygon POINTS="416 856 416 900 516 885 921 891 1414 900 1416 900 1419 900 1422 900 1443 885 1443 856 1440 815 416 815 416 856"/></Shape>
	    <String CONTENT="qui auoient longues pointes ⁊ grosses"
                    HPOS="416"
                    VPOS="815"
                    WIDTH="1027"
                    HEIGHT="85"
                    WC="0.9784840522585688"></String>
          </TextLine>

          
          
          <TextLine ID="eSc_line_7c43bea0"
                    TAGREFS="LT6549"
                    BASELINE="416 929 1452 917" 
                    HPOS="413"
                    VPOS="876"
                    WIDTH="1039"
                    HEIGHT="85">
            <Shape><Polygon POINTS="416 929 416 961 1449 943 1452 917 1446 879 413 876 416 929"/></Shape>
	    <String CONTENT="testes les quiex mailz sout appellez tes"
                    HPOS="413"
                    VPOS="876"
                    WIDTH="1039"
                    HEIGHT="85"
                    WC="0.9773810356855392"></String>
          </TextLine>

          
          
          <TextLine ID="eSc_line_6f93d98c"
                    TAGREFS="LT6549"
                    BASELINE="413 993 1437 985" 
                    HPOS="410"
                    VPOS="932"
                    WIDTH="1027"
                    HEIGHT="94">
            <Shape><Polygon POINTS="413 993 413 1026 1434 1023 1437 985 1428 941 1211 946 1185 943 1129 932 1126 932 1009 946 962 949 915 946 765 935 762 935 759 935 756 935 739 949 730 952 695 949 566 938 563 938 560 938 557 938 542 952 539 955 410 955 413 993"/></Shape>
	    <String CONTENT="tuz. Si distrent les uns aus autres : u."
                    HPOS="410"
                    VPOS="932"
                    WIDTH="1027"
                    HEIGHT="94"></String>
          </TextLine>

          
          
          <TextLine ID="eSc_line_4d196220"
                    TAGREFS="LT6549"
                    BASELINE="413 1061 1458 1052" 
                    HPOS="410"
                    VPOS="1002"
                    WIDTH="1048"
                    HEIGHT="85">
            <Shape><Polygon POINTS="413 1061 413 1087 1455 1078 1458 1052 1449 1002 410 1011 413 1061"/></Shape>
	    <String CONTENT="de nous yrons au mur atout noz mar"
                    HPOS="410"
                    VPOS="1002"
                    WIDTH="1048"
                    HEIGHT="85"></String>
          </TextLine>

          
          
          <TextLine ID="eSc_line_f4531a5d"
                    TAGREFS="LT6549"
                    BASELINE="410 1128 1443 1116" 
                    HPOS="407"
                    VPOS="1070"
                    WIDTH="1036"
                    HEIGHT="96">
            <Shape><Polygon POINTS="410 1128 410 1166 1443 1163 1443 1116 1437 1075 407 1070 410 1128"/></Shape>
	    <String CONTENT="tiaux et uous serez deuant les murs et"
                    HPOS="407"
                    VPOS="1070"
                    WIDTH="1036"
                    HEIGHT="96"
                    WC="0.973789433115407"></String>
          </TextLine>

          
          
          <TextLine ID="eSc_line_afa44075"
                    TAGREFS="LT6549"
                    BASELINE="410 1196 1431 1187" 
                    HPOS="407"
                    VPOS="1146"
                    WIDTH="1024"
                    HEIGHT="91">
            <Shape><Polygon POINTS="410 1196 410 1228 1425 1237 1431 1187 1425 1149 407 1146 410 1196"/></Shape>
	    <String CONTENT="assaudrez le plus fort que uous pourrez"
                    HPOS="407"
                    VPOS="1146"
                    WIDTH="1024"
                    HEIGHT="91"></String>
          </TextLine>

          
          
          <TextLine ID="eSc_line_7039d75b"
                    TAGREFS="LT6549"
                    BASELINE="410 1263 1446 1263" 
                    HPOS="410"
                    VPOS="1213"
                    WIDTH="1036"
                    HEIGHT="82">
            <Shape><Polygon POINTS="410 1263 410 1295 1446 1289 1446 1263 1443 1213 410 1213 410 1263"/></Shape>
	    <String CONTENT="et ainsi fu fait. Adonques pristrent les"
                    HPOS="410"
                    VPOS="1213"
                    WIDTH="1036"
                    HEIGHT="82"
                    WC="0.9705660179257393"></String>
          </TextLine>

          
          
          <TextLine ID="eSc_line_f971687e"
                    TAGREFS="LT6549"
                    BASELINE="410 1333 1455 1328" 
                    HPOS="407"
                    VPOS="1269"
                    WIDTH="1048"
                    HEIGHT="94">
            <Shape><Polygon POINTS="410 1333 410 1360 1452 1363 1455 1328 1449 1287 1361 1269 1358 1269 1355 1269 1305 1287 921 1287 442 1272 440 1272 437 1272 434 1272 407 1287 410 1333"/></Shape>
	    <String CONTENT="cinq geneuois leur martiaux ⁊ mistrẽt"
                    HPOS="407"
                    VPOS="1269"
                    WIDTH="1048"
                    HEIGHT="94"
                    WC="0.9826079559953589"></String>
          </TextLine>

          
          
          <TextLine ID="eSc_line_8bd80963"
                    TAGREFS="LT6549"
                    BASELINE="407 1401 1425 1395" 
                    HPOS="404"
                    VPOS="1342"
                    WIDTH="1021"
                    HEIGHT="103">
            <Shape><Polygon POINTS="407 1401 407 1442 1419 1445 1425 1395 1416 1342 404 1351 407 1401"/></Shape>
	    <String CONTENT="leurs escuz sus leurs testes et sen alerẽt"
                    HPOS="404"
                    VPOS="1342"
                    WIDTH="1021"
                    HEIGHT="103"
                    WC="0.9900358541067257"></String>
          </TextLine>

          
          
          <TextLine ID="eSc_line_a346a10b"
                    TAGREFS="LT6549"
                    BASELINE="407 1471 1434 1471" 
                    HPOS="407"
                    VPOS="1421"
                    WIDTH="1027"
                    HEIGHT="82">
            <Shape><Polygon POINTS="407 1471 407 1501 1431 1503 1434 1471 1434 1430 407 1421 407 1471"/></Shape>
	    <String CONTENT="aus murs. Et les autres donnoiẽt fort"
                    HPOS="407"
                    VPOS="1421"
                    WIDTH="1027"
                    HEIGHT="82"
                    WC="0.981868138438777"></String>
          </TextLine>

          
          
          <TextLine ID="eSc_line_abb8dce0"
                    TAGREFS="LT6549"
                    BASELINE="407 1544 1434 1536" 
                    HPOS="404"
                    VPOS="1498"
                    WIDTH="1030"
                    HEIGHT="85">
            <Shape><Polygon POINTS="407 1544 407 1580 1428 1583 1434 1536 1425 1498 404 1503 407 1544"/></Shape>
	    <String CONTENT="assaut a ceuls qui estoient sus les murs"
                    HPOS="404"
                    VPOS="1498"
                    WIDTH="1030"
                    HEIGHT="85"></String>
          </TextLine>

          
          
          <TextLine ID="eSc_line_003649f0"
                    TAGREFS="LT6549"
                    BASELINE="410 1612 1437 1600" 
                    HPOS="407"
                    VPOS="1562"
                    WIDTH="1030"
                    HEIGHT="82">
            <Shape><Polygon POINTS="410 1612 410 1644 1434 1632 1437 1600 1431 1562 407 1562 410 1612"/></Shape>
	    <String CONTENT="de la uille. Endementres quilz assailloi"
                    HPOS="407"
                    VPOS="1562"
                    WIDTH="1030"
                    HEIGHT="82"
                    WC="0.9693684369325638"></String>
          </TextLine>

          
          
          <TextLine ID="eSc_line_2c0f957c"
                    TAGREFS="LT6549"
                    BASELINE="407 1679 1428 1671" 
                    HPOS="404"
                    VPOS="1630"
                    WIDTH="1024"
                    HEIGHT="79">
            <Shape><Polygon POINTS="407 1679 407 1709 1425 1700 1428 1671 1422 1630 404 1630 407 1679"/></Shape>
	    <String CONTENT="ent par tele maniere les deuant diz .u."
                    HPOS="404"
                    VPOS="1630"
                    WIDTH="1024"
                    HEIGHT="79"
                    WC="0.9826297148680075"></String>
          </TextLine>

          
          
          <TextLine ID="eSc_line_35f6f939"
                    TAGREFS="LT6549"
                    BASELINE="413 1750 1425 1738" 
                    HPOS="410"
                    VPOS="1691"
                    WIDTH="1015"
                    HEIGHT="103">
            <Shape><Polygon POINTS="413 1750 413 1794 1422 1779 1425 1738 1419 1697 715 1691 712 1691 410 1709 413 1750"/></Shape>
	    <String CONTENT="geneuois osterent .u. pierres des murs"
                    HPOS="410"
                    VPOS="1691"
                    WIDTH="1015"
                    HEIGHT="103"
                    WC="0.9808910049890217"></String>
          </TextLine>

          
          
          <TextLine ID="eSc_line_754ad8dd"
                    TAGREFS="LT6549"
                    BASELINE="410 1814 1431 1805" 
                    HPOS="407"
                    VPOS="1764"
                    WIDTH="1024"
                    HEIGHT="77">
            <Shape><Polygon POINTS="410 1814 410 1841 1428 1832 1431 1805 1422 1764 407 1770 410 1814"/></Shape>
	    <String CONTENT="et les cauerent par tele maniere que ilz"
                    HPOS="407"
                    VPOS="1764"
                    WIDTH="1024"
                    HEIGHT="77"
                    WC="0.9843185141682624"></String>
          </TextLine>

          
          
          <TextLine ID="eSc_line_e3add86a"
                    TAGREFS="LT6549"
                    BASELINE="407 1882 1422 1876" 
                    HPOS="404"
                    VPOS="1832"
                    WIDTH="1018"
                    HEIGHT="94">
            <Shape><Polygon POINTS="407 1882 407 1911 909 1926 912 1926 1419 1905 1422 1876 1416 1835 404 1832 407 1882"/></Shape>
	    <String CONTENT="furent a couuert par dedenz les murs"
                    HPOS="404"
                    VPOS="1832"
                    WIDTH="1018"
                    HEIGHT="94"
                    WC="0.9592163629002042"></String>
          </TextLine>

          
          
          <TextLine ID="eSc_line_1a5871a9"
                    TAGREFS="LT6549"
                    BASELINE="407 1946 1443 1940" 
                    HPOS="404"
                    VPOS="1902"
                    WIDTH="1039"
                    HEIGHT="88">
            <Shape><Polygon POINTS="407 1946 407 1975 748 1990 751 1990 844 1975 918 1990 921 1990 924 1990 927 1990 950 1973 971 1987 973 1987 976 1987 979 1990 1393 1990 1393 1987 1396 1987 1443 1970 1443 1940 1434 1902 404 1902 407 1946"/></Shape>
	    <String CONTENT="et ne leur pouoit on mal faire des car"
                    HPOS="404"
                    VPOS="1902"
                    WIDTH="1039"
                    HEIGHT="88"></String>
          </TextLine>

          
          
          <TextLine ID="eSc_line_95482d89"
                    TAGREFS="LT6549"
                    BASELINE="407 2016 1446 2008" 
                    HPOS="404"
                    VPOS="1967"
                    WIDTH="1042"
                    HEIGHT="85">
            <Shape><Polygon POINTS="407 2016 407 2052 1443 2043 1446 2008 1440 1967 404 1967 407 2016"/></Shape>
	    <String CONTENT="niaux. Ilz estoient loing lun de lautre"
                    HPOS="404"
                    VPOS="1967"
                    WIDTH="1042"
                    HEIGHT="85"></String>
          </TextLine>

          
          
          <TextLine ID="eSc_line_aef7c967"
                    TAGREFS="LT6549"
                    BASELINE="407 2090 1431 2078" 
                    HPOS="404"
                    VPOS="2040"
                    WIDTH="1027"
                    HEIGHT="91">
            <Shape><Polygon POINTS="407 2090 407 2131 1132 2131 1132 2128 1135 2128 1138 2128 1138 2125 1152 2113 1411 2125 1414 2125 1416 2125 1419 2125 1419 2122 1431 2110 1431 2078 1425 2040 404 2040 407 2090"/></Shape>
	    <String CONTENT="enuiron .x. piez. si cauerent les murs"
                    HPOS="404"
                    VPOS="2040"
                    WIDTH="1027"
                    HEIGHT="91"
                    WC="0.9745018905714938"></String>
          </TextLine>

          
          
          <TextLine ID="eSc_line_e570f6fa"
                    TAGREFS="LT6549"
                    BASELINE="410 2160 1411 2151" 
                    HPOS="407"
                    VPOS="2096"
                    WIDTH="1004"
                    HEIGHT="99">
            <Shape><Polygon POINTS="410 2160 410 2195 1408 2195 1411 2151 1405 2110 1141 2096 1138 2096 407 2116 410 2160"/></Shape>
	    <String CONTENT="par tele maniere que dedenz heure de"
                    HPOS="407"
                    VPOS="2096"
                    WIDTH="1004"
                    HEIGHT="99"></String>
          </TextLine>

          
          
          <TextLine ID="eSc_line_424010e3"
                    TAGREFS="LT6549"
                    BASELINE="407 2228 1434 2219" 
                    HPOS="404"
                    VPOS="2172"
                    WIDTH="1030"
                    HEIGHT="85">
            <Shape><Polygon POINTS="407 2228 407 2254 1431 2257 1434 2219 1428 2178 404 2172 407 2228"/></Shape>
	    <String CONTENT="midy il cheut des murs enuron .l. piez"
                    HPOS="404"
                    VPOS="2172"
                    WIDTH="1030"
                    HEIGHT="85"></String>
          </TextLine>

          
          
          <TextLine ID="eSc_line_0ac738d1"
                    TAGREFS="LT6549"
                    BASELINE="404 2295 1422 2289" 
                    HPOS="401"
                    VPOS="2233"
                    WIDTH="1021"
                    HEIGHT="97">
            <Shape><Polygon POINTS="404 2295 404 2330 1419 2316 1422 2289 1416 2239 401 2233 404 2295"/></Shape>
	    <String CONTENT="en longueur. et tantost y entra .i. ge"
                    HPOS="401"
                    VPOS="2233"
                    WIDTH="1021"
                    HEIGHT="97"
                    WC="0.9877048856333682"></String>
          </TextLine>

          
          
          <TextLine ID="eSc_line_802a4403"
                    TAGREFS="LT6549"
                    BASELINE="407 2365 1419 2357" 
                    HPOS="404"
                    VPOS="2298"
                    WIDTH="1015"
                    HEIGHT="108">
            <Shape><Polygon POINTS="407 2365 407 2392 516 2406 519 2406 671 2392 674 2392 727 2406 730 2406 733 2406 736 2406 800 2389 809 2389 836 2389 1047 2403 1050 2403 1053 2403 1056 2403 1082 2386 1085 2386 1097 2386 1176 2401 1179 2401 1416 2383 1419 2357 1414 2316 1276 2316 1276 2313 1261 2301 1261 2298 1258 2298 1255 2298 1252 2298 1105 2313 1067 2316 1061 2313 1047 2301 1044 2301 1041 2301 1038 2301 912 2313 850 2316 827 2310 786 2301 783 2301 780 2301 695 2310 613 2318 404 2310 407 2365"/></Shape>
	    <String CONTENT="neuois assez petit de corps et ot les flo"
                    HPOS="404"
                    VPOS="2298"
                    WIDTH="1015"
                    HEIGHT="108"
                    WC="0.9667891045896019"></String>
          </TextLine>

          
          
          <TextLine ID="eSc_line_f7f6fccd"
                    TAGREFS="LT6549"
                    BASELINE="407 2430 1399 2421" 
                    HPOS="404"
                    VPOS="2374"
                    WIDTH="995"
                    HEIGHT="103">
            <Shape><Polygon POINTS="407 2430 407 2462 724 2477 727 2477 792 2462 809 2459 821 2462 856 2474 859 2474 862 2474 865 2474 868 2474 885 2462 888 2459 894 2462 909 2474 912 2474 915 2474 918 2474 1396 2459 1399 2421 1393 2386 792 2374 789 2374 404 2389 407 2430"/></Shape>
	    <String CONTENT="rius que monẜ de Craon tenoit. Et"
                    HPOS="404"
                    VPOS="2374"
                    WIDTH="995"
                    HEIGHT="103"></String>
          </TextLine>

          
          
          <TextLine ID="eSc_line_91a9c4ff"
                    TAGREFS="LT6549"
                    BASELINE="407 2497 1431 2491" 
                    HPOS="404"
                    VPOS="2453"
                    WIDTH="1027"
                    HEIGHT="85">
            <Shape><Polygon POINTS="407 2497 407 2521 451 2538 454 2538 457 2538 563 2524 909 2538 912 2538 915 2538 918 2538 918 2535 921 2535 929 2521 1105 2521 1393 2535 1396 2535 1399 2535 1402 2535 1431 2518 1431 2491 1422 2453 404 2456 407 2497"/></Shape>
	    <String CONTENT="apres lui entrerent tantost de puis que"
                    HPOS="404"
                    VPOS="2453"
                    WIDTH="1027"
                    HEIGHT="85"
                    WC="0.9777255562635568"></String>
          </TextLine>

          
          
          <TextLine ID="eSc_line_98b8bae4"
                    TAGREFS="LT6549"
                    BASELINE="404 2565 1422 2556" 
                    HPOS="401"
                    VPOS="2503"
                    WIDTH="1021"
                    HEIGHT="94">
            <Shape><Polygon POINTS="404 2565 404 2591 1419 2597 1422 2556 1414 2503 894 2518 827 2506 812 2503 809 2503 783 2506 665 2521 648 2506 645 2506 642 2506 639 2506 627 2506 510 2521 401 2509 404 2565"/></Shape>
	    <String CONTENT="le mur fu cheu cõmunelment touz ceꝰ"
                    HPOS="401"
                    VPOS="2503"
                    WIDTH="1021"
                    HEIGHT="94"></String>
          </TextLine>

          
          
          <TextLine ID="eSc_line_59550416"
                    TAGREFS="LT6549"
                    BASELINE="401 2635 1414 2629" 
                    HPOS="398"
                    VPOS="2571"
                    WIDTH="1016"
                    HEIGHT="93">
            <Shape><Polygon POINTS="401 2635 401 2661 1408 2664 1414 2629 1408 2582 398 2571 401 2635"/></Shape>
	    <String CONTENT="de lost qui conques y uouloit entrer in"
                    HPOS="398"
                    VPOS="2571"
                    WIDTH="1016"
                    HEIGHT="93"
                    WC="0.9919202297161787"></String>
          </TextLine>

          
          
          <TextLine ID="eSc_line_57e57375"
                    TAGREFS="LT6549"
                    BASELINE="404 2702 1414 2697" 
                    HPOS="401"
                    VPOS="2647"
                    WIDTH="1013"
                    HEIGHT="79">
            <Shape><Polygon POINTS="404 2702 404 2726 1411 2720 1414 2697 1408 2647 401 2647 404 2702"/></Shape>
	    <String CONTENT="differemment. car il auoit este ordene"
                    HPOS="401"
                    VPOS="2647"
                    WIDTH="1013"
                    HEIGHT="79"
                    WC="0.9805702300448167"></String>
          </TextLine>

          
          
          <TextLine ID="eSc_line_49cc38c9"
                    TAGREFS="LT6549"
                    BASELINE="401 2764 1408 2758" 
                    HPOS="398"
                    VPOS="2711"
                    WIDTH="1010"
                    HEIGHT="85">
            <Shape><Polygon POINTS="401 2764 401 2796 1405 2790 1408 2758 1402 2717 398 2711 401 2764"/></Shape>
	    <String CONTENT="des capitaines par auant que tous les"
                    HPOS="398"
                    VPOS="2711"
                    WIDTH="1010"
                    HEIGHT="85"></String>
          </TextLine>

          
          
          <TextLine ID="eSc_line_ed82f192"
                    TAGREFS="LT6549"
                    BASELINE="398 2834 1452 2826" 
                    HPOS="396"
                    VPOS="2770"
                    WIDTH="1056"
                    HEIGHT="105">
            <Shape><Polygon POINTS="398 2834 398 2858 745 2875 748 2875 751 2875 803 2861 1390 2870 1393 2870 1396 2870 1452 2849 1452 2826 1443 2770 1352 2785 396 2782 398 2834"/></Shape>
	    <String CONTENT="biens de la uille seroient cõmuns et abã"
                    HPOS="396"
                    VPOS="2770"
                    WIDTH="1056"
                    HEIGHT="105"
                    WC="0.988855222860972"></String>
          </TextLine>

          
          
          <TextLine ID="eSc_line_85f8dab1"
                    TAGREFS="LT6549"
                    BASELINE="396 2905 1428 2896" 
                    HPOS="393"
                    VPOS="2855"
                    WIDTH="1035"
                    HEIGHT="97">
            <Shape><Polygon POINTS="396 2905 396 2934 695 2952 698 2952 701 2952 739 2934 818 2949 821 2949 915 2934 1372 2946 1375 2946 1378 2946 1428 2925 1428 2896 1419 2855 393 2855 396 2905"/></Shape>
	    <String CONTENT="donnez atous ceuls de lost qui les pour"
                    HPOS="393"
                    VPOS="2855"
                    WIDTH="1035"
                    HEIGHT="97"></String>
          </TextLine>

          
          
          <TextLine ID="eSc_line_7168b6c4"
                    TAGREFS="LT6549"
                    BASELINE="401 2972 1434 2966" 
                    HPOS="398"
                    VPOS="2925"
                    WIDTH="1036"
                    HEIGHT="85">
            <Shape><Polygon POINTS="401 2972 401 3010 1431 3002 1434 2966 1428 2928 398 2925 401 2972"/></Shape>
	    <String CONTENT="roient gaaignier. Ilz tuerent premie"
                    HPOS="398"
                    VPOS="2925"
                    WIDTH="1036"
                    HEIGHT="85"
                    WC="0.9868059340450499"></String>
          </TextLine>

          
          
          <TextLine ID="eSc_line_d63032f9"
                    TAGREFS="LT6549"
                    BASELINE="404 3043 1431 3034" 
                    HPOS="401"
                    VPOS="2987"
                    WIDTH="1030"
                    HEIGHT="85">
            <Shape><Polygon POINTS="404 3043 404 3072 1428 3063 1431 3034 1422 2987 401 2990 404 3043"/></Shape>
	    <String CONTENT="rement sauz difference les hõmes et les"
                    HPOS="401"
                    VPOS="2987"
                    WIDTH="1030"
                    HEIGHT="85"
                    WC="0.9993308126926422"></String>
          </TextLine>

          
          
          <TextLine ID="eSc_line_dd8ccff1"
                    TAGREFS="LT6549"
                    BASELINE="398 3116 1416 3107" 
                    HPOS="396"
                    VPOS="3063"
                    WIDTH="1020"
                    HEIGHT="85">
            <Shape><Polygon POINTS="398 3116 398 3148 1414 3139 1416 3107 1411 3066 396 3063 398 3116"/></Shape>
	    <String CONTENT="fẽmes qui estoient en la uille habitans"
                    HPOS="396"
                    VPOS="3063"
                    WIDTH="1020"
                    HEIGHT="85"
                    WC="0.9907836943864823"></String>
          </TextLine>

          
          
          <TextLine ID="eSc_line_17e8761b"
                    TAGREFS="LT6549"
                    BASELINE="398 3183 1440 3174" 
                    HPOS="396"
                    VPOS="3131"
                    WIDTH="1044"
                    HEIGHT="87">
            <Shape><Polygon POINTS="398 3183 398 3218 1440 3210 1440 3174 1431 3131 396 3133 398 3183"/></Shape>
	    <String CONTENT="de quelconque a age quilz feussẽt ⁊ mes"
                    HPOS="396"
                    VPOS="3131"
                    WIDTH="1044"
                    HEIGHT="87"
                    WC="0.9659130036830902"></String>
          </TextLine>

          
          
          <TextLine ID="eSc_line_71e2898a"
                    TAGREFS="LT6549"
                    BASELINE="398 3254 1387 3245" 
                    HPOS="396"
                    VPOS="3207"
                    WIDTH="991"
                    HEIGHT="94">
            <Shape><Polygon POINTS="398 3254 398 3301 1387 3289 1387 3245 1381 3207 396 3207 398 3254"/></Shape>
	    <String CONTENT="mement les enfans qui alaictoient."
                    HPOS="396"
                    VPOS="3207"
                    WIDTH="991"
                    HEIGHT="94"></String>
          </TextLine>

          
          
          <TextLine ID="eSc_line_eb7ad205"
                    TAGREFS="LT6549"
                    BASELINE="489 3321 1422 3312" 
                    HPOS="486"
                    VPOS="3271"
                    WIDTH="936"
                    HEIGHT="94">
            <Shape><Polygon POINTS="489 3321 489 3365 583 3350 718 3359 751 3362 753 3362 756 3362 765 3359 803 3347 973 3353 1105 3359 1108 3359 1419 3342 1422 3312 1416 3271 486 3271 489 3321"/></Shape>
	    <String CONTENT="¶ Quant ilz orent ainsi mis a mort"
                    HPOS="486"
                    VPOS="3271"
                    WIDTH="936"
                    HEIGHT="94"></String>
          </TextLine>

          
          
          <TextLine ID="eSc_line_b3b80113"
                    TAGREFS="LT6549"
                    BASELINE="419 3391 1428 3374" 
                    HPOS="416"
                    VPOS="3321"
                    WIDTH="1012"
                    HEIGHT="111">
            <Shape><Polygon POINTS="419 3391 419 3432 657 3418 677 3427 695 3432 698 3432 701 3432 704 3432 727 3424 756 3415 988 3418 1387 3421 1390 3421 1393 3421 1428 3403 1428 3374 1419 3321 416 3336 419 3391"/></Shape>
	    <String CONTENT="fons ceuls quilz auoient trouuez en la"
                    HPOS="416"
                    VPOS="3321"
                    WIDTH="1012"
                    HEIGHT="111"
                    WC="0.9673818208669361"></String>
          </TextLine>

          
          
          <TextLine ID="eSc_line_2eff6cc8"
                    TAGREFS="LT6549"
                    BASELINE="387 3456 1440 3450" 
                    HPOS="384"
                    VPOS="3403"
                    WIDTH="1056"
                    HEIGHT="91">
            <Shape><Polygon POINTS="387 3456 387 3494 1437 3476 1440 3450 1431 3403 384 3403 387 3456"/></Shape>
	    <String CONTENT="uille si cõmencierent agiter au chastel"
                    HPOS="384"
                    VPOS="3403"
                    WIDTH="1056"
                    HEIGHT="91"
                    WC="0.9927704811096192"></String>
          </TextLine>

          
          
          <TextLine ID="eSc_line_dd34d89f"
                    TAGREFS="LT6549"
                    BASELINE="390 3520 1431 3520" 
                    HPOS="390"
                    VPOS="3468"
                    WIDTH="1041"
                    HEIGHT="91">
            <Shape><Polygon POINTS="390 3520 390 3544 1428 3559 1431 3520 1428 3468 390 3468 390 3520"/></Shape>
	    <String CONTENT="ou quel sestoient retraiz enuiron .CC.⁊"
                    HPOS="390"
                    VPOS="3468"
                    WIDTH="1041"
                    HEIGHT="91"></String>
          </TextLine>

          
          
          <TextLine ID="eSc_line_cdb715bb"
                    TAGREFS="LT6549"
                    BASELINE="396 3594 1434 3579" 
                    HPOS="393"
                    VPOS="3538"
                    WIDTH="1041"
                    HEIGHT="82">
            <Shape><Polygon POINTS="396 3594 396 3620 1434 3620 1434 3579 1428 3538 393 3538 396 3594"/></Shape>
	    <String CONTENT="xl. anglois. Mais quant ilz uirent la"
                    HPOS="393"
                    VPOS="3538"
                    WIDTH="1041"
                    HEIGHT="82"></String>
          </TextLine>

          
          
          <TextLine ID="eSc_line_dfa2ab65"
                    TAGREFS="LT6549"
                    BASELINE="401 3658 1434 3649" 
                    HPOS="398"
                    VPOS="3603"
                    WIDTH="1036"
                    HEIGHT="85">
            <Shape><Polygon POINTS="401 3658 401 3688 1434 3685 1434 3649 1428 3608 398 3603 401 3658"/></Shape>
	    <String CONTENT="hardiesce et la uertu de ceulz qui assailloi"
                    HPOS="398"
                    VPOS="3603"
                    WIDTH="1036"
                    HEIGHT="85"
                    WC="0.9824491942470724"></String>
          </TextLine>

          
          
          <TextLine ID="eSc_line_4fa292cf"
                    TAGREFS="LT6549"
                    BASELINE="398 3726 1428 3714" 
                    HPOS="396"
                    VPOS="3676"
                    WIDTH="1032"
                    HEIGHT="97">
            <Shape><Polygon POINTS="398 3726 398 3773 1428 3749 1428 3714 1422 3676 396 3676 398 3726"/></Shape>
	    <String CONTENT="ent ilz offrirent a rendre le chastel leur"
                    HPOS="396"
                    VPOS="3676"
                    WIDTH="1032"
                    HEIGHT="97"
                    WC="0.9864816821756817"></String>
          </TextLine>

          
          
          <TextLine ID="eSc_line_8247023f"
                    TAGREFS="LT6549"
                    BASELINE="398 3793 1405 3787" 
                    HPOS="396"
                    VPOS="3749"
                    WIDTH="1046"
                    HEIGHT="79">
            <Shape><Polygon POINTS="398 3822 1399 3828 1442 3803 1415 3754 396 3749 398 3793"/></Shape>
	    <String CONTENT="corps et leur biens saufz. mais les noz"
                    HPOS="396"
                    VPOS="3749"
                    WIDTH="1046"
                    HEIGHT="79"></String>
          </TextLine>

          
          
          <TextLine ID="eSc_line_5545491c"
                    TAGREFS="LT6549"
                    BASELINE="401 3858 1434 3852" 
                    HPOS="398"
                    VPOS="3811"
                    WIDTH="1036"
                    HEIGHT="76">
            <Shape><Polygon POINTS="401 3858 401 3884 1431 3887 1434 3852 1425 3811 398 3814 401 3858"/></Shape>
	    <String CONTENT="ne si uouldrent accorder ⁊ assailloient"
                    HPOS="398"
                    VPOS="3811"
                    WIDTH="1036"
                    HEIGHT="76"></String>
          </TextLine>

          
          
          <TextLine ID="eSc_line_c744e271"
                    TAGREFS="LT6549"
                    BASELINE="401 3934 1414 3922" 
                    HPOS="396"
                    VPOS="3880"
                    WIDTH="1017"
                    HEIGHT="86">
            <Shape><Polygon POINTS="400 3966 1408 3966 1413 3918 1399 3882 396 3880 400 3931"/></Shape>
	    <String CONTENT="de fort enfort. finablement lissue du"
                    HPOS="396"
                    VPOS="3880"
                    WIDTH="1017"
                    HEIGHT="86"
                    WC="0.984519045095186"></String>
          </TextLine>

          
          
          <TextLine ID="eSc_line_dc90e25a"
                    TAGREFS="LT6549"
                    BASELINE="404 3992 1431 3998" 
                    HPOS="401"
                    VPOS="3928"
                    WIDTH="1030"
                    HEIGHT="141">
            <Shape><Polygon POINTS="401 4069 1428 4045 1431 3998 1431 3948 1364 3964 1283 3959 1123 3961 981 3950 853 3954 780 3928 777 3928 741 3950 682 3956 404 3940 404 3992"/></Shape>
	    <String CONTENT="corps tant seulement si leur fu accrode"
                    HPOS="401"
                    VPOS="3928"
                    WIDTH="1030"
                    HEIGHT="141"></String>
          </TextLine>

          
        </TextBlock>
        
        <TextBlock HPOS="1572"
                   VPOS="551"
                   WIDTH="1159"
                   HEIGHT="3515"
                   ID="eSc_textblock_ce0a9f9f"
                   TAGREFS="BT15500">
          <Shape><Polygon POINTS="1584 589 2602 551 2707 609 2731 3737 2695 4054 1595 4066 1572 3947"/></Shape>
          
          
          <TextLine ID="eSc_line_cf26e0e9"
                    TAGREFS="LT6549"
                    BASELINE="1610 659 2637 665" 
                    HPOS="1607"
                    VPOS="605"
                    WIDTH="1030"
                    HEIGHT="92">
            <Shape><Polygon POINTS="1607 691 2631 697 2637 665 2628 615 1610 605 1610 659"/></Shape>
	    <String CONTENT="et que len les conduiroit par lespace de .x."
                    HPOS="1607"
                    VPOS="605"
                    WIDTH="1030"
                    HEIGHT="92"
                    WC="0.9816129329529676"></String>
          </TextLine>

          
          
          <TextLine ID="eSc_line_c9b1f7ba"
                    TAGREFS="LT6549"
                    BASELINE="1610 727 2657 721" 
                    HPOS="1607"
                    VPOS="680"
                    WIDTH="1050"
                    HEIGHT="82">
            <Shape><Polygon POINTS="1610 727 1610 762 2654 756 2657 721 2651 686 1607 680 1610 727"/></Shape>
	    <String CONTENT="lieues loing. Si sen issirent en leurs co"
                    HPOS="1607"
                    VPOS="680"
                    WIDTH="1050"
                    HEIGHT="82"
                    WC="0.9831706445391585"></String>
          </TextLine>

          
          
          <TextLine ID="eSc_line_010acb0e"
                    TAGREFS="LT6549"
                    BASELINE="1613 788 2634 788" 
                    HPOS="1613"
                    VPOS="747"
                    WIDTH="1021"
                    HEIGHT="85">
            <Shape><Polygon POINTS="1613 788 1613 832 2634 832 2634 788 2634 750 1613 747 1613 788"/></Shape>
	    <String CONTENT="tes et sen alerent. et les conduisoient"
                    HPOS="1613"
                    VPOS="747"
                    WIDTH="1021"
                    HEIGHT="85"
                    WC="0.9715740099931375"></String>
          </TextLine>

          
          
          <TextLine ID="eSc_line_b1f169d1"
                    TAGREFS="LT6549"
                    BASELINE="1610 858 2657 850" 
                    HPOS="1607"
                    VPOS="806"
                    WIDTH="1050"
                    HEIGHT="96">
            <Shape><Polygon POINTS="1610 858 1610 902 2654 888 2657 850 2649 806 1607 809 1610 858"/></Shape>
	    <String CONTENT="deux cheualiers bretons. Cest assauoir"
                    HPOS="1607"
                    VPOS="806"
                    WIDTH="1050"
                    HEIGHT="96"></String>
          </TextLine>

          
          
          <TextLine ID="eSc_line_e343b9f9"
                    TAGREFS="LT6549"
                    BASELINE="1613 926 2669 917" 
                    HPOS="1610"
                    VPOS="879"
                    WIDTH="1059"
                    HEIGHT="91">
            <Shape><Polygon POINTS="1613 926 1613 958 2631 970 2634 970 2637 970 2640 970 2669 952 2669 917 2660 879 1610 882 1613 926"/></Shape>
	    <String CONTENT="messire siluestre de la foulliee ⁊ .i. autre"
                    HPOS="1610"
                    VPOS="879"
                    WIDTH="1059"
                    HEIGHT="91"></String>
          </TextLine>

          
          
          <TextLine ID="eSc_line_0311c1bf"
                    TAGREFS="LT6549"
                    BASELINE="1607 990 2654 985" 
                    HPOS="1604"
                    VPOS="941"
                    WIDTH="1050"
                    HEIGHT="96">
            <Shape><Polygon POINTS="1607 990 1607 1026 2628 1037 2631 1037 2634 1037 2637 1037 2654 1020 2654 985 2646 941 1604 952 1607 990"/></Shape>
	    <String CONTENT="cheualier. Mais apaine les pouoient"
                    HPOS="1604"
                    VPOS="941"
                    WIDTH="1050"
                    HEIGHT="96"
                    WC="0.9859323944364276"></String>
          </TextLine>

          
          
          <TextLine ID="eSc_line_62e6072f"
                    TAGREFS="LT6549"
                    BASELINE="1607 1064 2660 1052" 
                    HPOS="1604"
                    VPOS="1014"
                    WIDTH="1056"
                    HEIGHT="91">
            <Shape><Polygon POINTS="1607 1064 1607 1105 2657 1084 2660 1052 2651 1014 1604 1020 1607 1064"/></Shape>
	    <String CONTENT="deffendre des genz de labour. Car toꝰ ceulz"
                    HPOS="1604"
                    VPOS="1014"
                    WIDTH="1056"
                    HEIGHT="91"
                    WC="0.981741328572118"></String>
          </TextLine>

          
          
          <TextLine ID="eSc_line_d3d0671b"
                    TAGREFS="LT6549"
                    BASELINE="1607 1128 2663 1116" 
                    HPOS="1604"
                    VPOS="1067"
                    WIDTH="1059"
                    HEIGHT="96">
            <Shape><Polygon POINTS="1607 1128 1607 1163 2660 1152 2663 1116 2654 1067 1604 1084 1607 1128"/></Shape>
	    <String CONTENT="quil pouoient actaindre ilz les mectoiẽt"
                    HPOS="1604"
                    VPOS="1067"
                    WIDTH="1059"
                    HEIGHT="96"></String>
          </TextLine>

          
          
          <TextLine ID="eSc_line_2244e2b5"
                    TAGREFS="LT6549"
                    BASELINE="1607 1193 2672 1178" 
                    HPOS="1604"
                    VPOS="1140"
                    WIDTH="1068"
                    HEIGHT="91">
            <Shape><Polygon POINTS="1607 1193 1607 1231 2669 1216 2672 1178 2663 1140 1604 1152 1607 1193"/></Shape>
	    <String CONTENT="a mort et les moient de bastons ⁊ de pier"
                    HPOS="1604"
                    VPOS="1140"
                    WIDTH="1068"
                    HEIGHT="91"></String>
          </TextLine>

          
          
          <TextLine ID="eSc_line_a1ebaa40"
                    TAGREFS="LT6549"
                    BASELINE="1604 1263 2651 1248" 
                    HPOS="1601"
                    VPOS="1207"
                    WIDTH="1050"
                    HEIGHT="103">
            <Shape><Polygon POINTS="1604 1263 1604 1298 2015 1310 2018 1310 2232 1292 2602 1301 2605 1301 2607 1301 2651 1284 2651 1248 2643 1207 1601 1210 1604 1263"/></Shape>
	    <String CONTENT="res cõme chiens. Si les conduuirent les"
                    HPOS="1601"
                    VPOS="1207"
                    WIDTH="1050"
                    HEIGHT="103"
                    WC="0.9722971439361572"></String>
          </TextLine>

          
          
          <TextLine ID="eSc_line_ce32b67e"
                    TAGREFS="LT6549"
                    BASELINE="1604 1330 2649 1322" 
                    HPOS="1601"
                    VPOS="1284"
                    WIDTH="1048"
                    HEIGHT="93">
            <Shape><Polygon POINTS="1604 1330 1604 1369 2211 1377 2214 1377 2285 1363 2299 1360 2302 1363 2323 1374 2326 1374 2329 1374 2332 1377 2584 1377 2584 1374 2587 1374 2649 1357 2649 1322 2643 1284 1601 1284 1604 1330"/></Shape>
	    <String CONTENT="deux cheualiers au mieulx quil porent"
                    HPOS="1601"
                    VPOS="1284"
                    WIDTH="1048"
                    HEIGHT="93"
                    WC="0.9874126540647971"></String>
          </TextLine>

          
          
          <TextLine ID="eSc_line_2924f0f2"
                    TAGREFS="LT6549"
                    BASELINE="1607 1401 2657 1389" 
                    HPOS="1604"
                    VPOS="1348"
                    WIDTH="1053"
                    HEIGHT="106">
            <Shape><Polygon POINTS="1607 1401 1607 1454 2654 1430 2657 1389 2649 1348 1604 1348 1607 1401"/></Shape>
	    <String CONTENT="iusques pres de la uille de chastiau nuef"
                    HPOS="1604"
                    VPOS="1348"
                    WIDTH="1053"
                    HEIGHT="106"></String>
          </TextLine>

          
          
          <TextLine ID="eSc_line_8ab70c13"
                    TAGREFS="LT6549"
                    BASELINE="1607 1468 2675 1454" 
                    HPOS="1604"
                    VPOS="1410"
                    WIDTH="1071"
                    HEIGHT="96">
            <Shape><Polygon POINTS="1607 1468 1607 1506 2675 1501 2675 1454 2666 1410 1604 1430 1607 1468"/></Shape>
	    <String CONTENT="de quintin. Quant ceulz de la uille oirẽt"
                    HPOS="1604"
                    VPOS="1410"
                    WIDTH="1071"
                    HEIGHT="96"></String>
          </TextLine>

          
          
          <TextLine ID="eSc_line_e40e1527"
                    TAGREFS="LT6549"
                    BASELINE="1610 1536 2637 1527" 
                    HPOS="1607"
                    VPOS="1480"
                    WIDTH="1030"
                    HEIGHT="103">
            <Shape><Polygon POINTS="1610 1536 1610 1583 2634 1562 2637 1527 2628 1480 1607 1495 1610 1536"/></Shape>
	    <String CONTENT="dire que les anglois qui auoient tue"
                    HPOS="1607"
                    VPOS="1480"
                    WIDTH="1030"
                    HEIGHT="103"
                    WC="0.9858741379446454"></String>
          </TextLine>

          
          
          <TextLine ID="eSc_line_123766d8"
                    TAGREFS="LT6549"
                    BASELINE="1607 1606 2657 1594" 
                    HPOS="1604"
                    VPOS="1553"
                    WIDTH="1053"
                    HEIGHT="94">
            <Shape><Polygon POINTS="1607 1606 1607 1635 2121 1647 2123 1647 2126 1647 2159 1632 2599 1641 2602 1641 2605 1641 2657 1624 2657 1594 2649 1553 1604 1559 1607 1606"/></Shape>
	    <String CONTENT="leur seigneur uenoient par sauf cõduit"
                    HPOS="1604"
                    VPOS="1553"
                    WIDTH="1053"
                    HEIGHT="94"></String>
          </TextLine>

          
          
          <TextLine ID="eSc_line_aa65dba2"
                    TAGREFS="LT6549"
                    BASELINE="1607 1673 2640 1662" 
                    HPOS="1604"
                    VPOS="1624"
                    WIDTH="1036"
                    HEIGHT="91">
            <Shape><Polygon POINTS="1607 1673 1607 1715 2637 1694 2640 1662 2631 1624 1604 1630 1607 1673"/></Shape>
	    <String CONTENT="si sassemblerent pluseurs bouchiers et"
                    HPOS="1604"
                    VPOS="1624"
                    WIDTH="1036"
                    HEIGHT="91"
                    WC="0.9850104090414549"></String>
          </TextLine>

          
          
          <TextLine ID="eSc_line_54a75bf5"
                    TAGREFS="LT6549"
                    BASELINE="1607 1741 2640 1732" 
                    HPOS="1604"
                    VPOS="1691"
                    WIDTH="1036"
                    HEIGHT="97">
            <Shape><Polygon POINTS="1607 1741 1607 1773 1906 1788 1909 1788 2244 1770 2285 1785 2288 1785 2291 1785 2525 1770 2596 1782 2599 1782 2602 1782 2640 1764 2640 1732 2631 1691 1604 1697 1607 1741"/></Shape>
	    <String CONTENT="charpentiers et autres de la dite uille et"
                    HPOS="1604"
                    VPOS="1691"
                    WIDTH="1036"
                    HEIGHT="97"
                    WC="0.9947010023253304"></String>
          </TextLine>

          
          
          <TextLine ID="eSc_line_6af1659a"
                    TAGREFS="LT6549"
                    BASELINE="1607 1811 2672 1800" 
                    HPOS="1604"
                    VPOS="1753"
                    WIDTH="1068"
                    HEIGHT="93">
            <Shape><Polygon POINTS="1607 1811 1607 1846 2672 1835 2672 1800 2663 1753 1604 1767 1607 1811"/></Shape>
	    <String CONTENT="mistrent a mort tous les anglois aussi"
                    HPOS="1604"
                    VPOS="1753"
                    WIDTH="1068"
                    HEIGHT="93"
                    WC="0.9870035883627439"></String>
          </TextLine>

          
          
          <TextLine ID="eSc_line_d7332ba5"
                    TAGREFS="LT6549"
                    BASELINE="1610 1882 2651 1864" 
                    HPOS="1607"
                    VPOS="1826"
                    WIDTH="1044"
                    HEIGHT="88">
            <Shape><Polygon POINTS="1610 1882 1610 1914 2651 1896 2651 1864 2643 1826 1607 1829 1610 1882"/></Shape>
	    <String CONTENT="cõme brebiz et ne les porent onques les"
                    HPOS="1607"
                    VPOS="1826"
                    WIDTH="1044"
                    HEIGHT="88"
                    WC="0.9862251058220863"></String>
          </TextLine>

          
          
          <TextLine ID="eSc_line_088a2aa5"
                    TAGREFS="LT6549"
                    BASELINE="1607 1949 2634 1926" 
                    HPOS="1604"
                    VPOS="1882"
                    WIDTH="1030"
                    HEIGHT="108">
            <Shape><Polygon POINTS="1607 1949 1607 1990 2232 1984 2235 1984 2238 1984 2255 1973 2261 1970 2294 1970 2496 1978 2499 1978 2634 1958 2634 1926 2625 1882 1604 1908 1607 1949"/></Shape>
	    <String CONTENT="deux cheualiers deffendre. excepte leur"
                    HPOS="1604"
                    VPOS="1882"
                    WIDTH="1030"
                    HEIGHT="108"
                    WC="0.9849148897024301"></String>
          </TextLine>

          
          
          <TextLine ID="eSc_line_233decd6"
                    TAGREFS="LT6549"
                    BASELINE="1610 2016 2675 2002" 
                    HPOS="1607"
                    VPOS="1949"
                    WIDTH="1068"
                    HEIGHT="117">
            <Shape><Polygon POINTS="1610 2016 1610 2066 2672 2040 2675 2002 2669 1964 2458 1949 2455 1949 2452 1949 2449 1949 2429 1964 2426 1964 2032 1955 2030 1955 1607 1973 1610 2016"/></Shape>
	    <String CONTENT="capitaine qui sen fuy et les .ii. cheuałrs"
                    HPOS="1607"
                    VPOS="1949"
                    WIDTH="1068"
                    HEIGHT="117"></String>
          </TextLine>

          
          
          <TextLine ID="eSc_line_062785a0"
                    TAGREFS="LT6549"
                    BASELINE="1610 2090 2651 2072" 
                    HPOS="1607"
                    VPOS="2034"
                    WIDTH="1044"
                    HEIGHT="88">
            <Shape><Polygon POINTS="1610 2090 1610 2122 2651 2104 2651 2072 2643 2034 1607 2046 1610 2090"/></Shape>
	    <String CONTENT="qui les conduisoient senfuyrent auec"
                    HPOS="1607"
                    VPOS="2034"
                    WIDTH="1044"
                    HEIGHT="88"
                    WC="0.9827699578470654"></String>
          </TextLine>

          
          
          <TextLine ID="eSc_line_62e5f56a"
                    TAGREFS="LT6549"
                    BASELINE="1607 2157 2637 2140" 
                    HPOS="1604"
                    VPOS="2087"
                    WIDTH="1033"
                    HEIGHT="102">
            <Shape><Polygon POINTS="1607 2157 1607 2189 2634 2172 2637 2140 2628 2087 1604 2102 1607 2157"/></Shape>
	    <String CONTENT="le capitaine des diz anglois le quel fu"
                    HPOS="1604"
                    VPOS="2087"
                    WIDTH="1033"
                    HEIGHT="102"
                    WC="0.9924723108609518"></String>
          </TextLine>

          
          
          <TextLine ID="eSc_line_38e0fe65"
                    TAGREFS="LT6549"
                    BASELINE="1607 2222 2666 2210" 
                    HPOS="1604"
                    VPOS="2157"
                    WIDTH="1062"
                    HEIGHT="100">
            <Shape><Polygon POINTS="1607 2222 1607 2257 2666 2245 2666 2210 2657 2157 1604 2181 1607 2222"/></Shape>
	    <String CONTENT="a pãme sauue. Finablement ceulz de la"
                    HPOS="1604"
                    VPOS="2157"
                    WIDTH="1062"
                    HEIGHT="100"></String>
          </TextLine>

          
          
          <TextLine ID="eSc_line_33da92d8"
                    TAGREFS="LT6549"
                    BASELINE="1607 2292 2646 2283" 
                    HPOS="1604"
                    VPOS="2230"
                    WIDTH="1042"
                    HEIGHT="109">
            <Shape><Polygon POINTS="1607 2292 1607 2339 2643 2321 2646 2283 2637 2230 1604 2248 1607 2292"/></Shape>
	    <String CONTENT="uille de chastiau nuef de quintin firent"
                    HPOS="1604"
                    VPOS="2230"
                    WIDTH="1042"
                    HEIGHT="109"
                    WC="0.9901690214872361"></String>
          </TextLine>

          
          
          <TextLine ID="eSc_line_a6f44ee6"
                    TAGREFS="LT6549"
                    BASELINE="1610 2359 2663 2345" 
                    HPOS="1607"
                    VPOS="2301"
                    WIDTH="1056"
                    HEIGHT="97">
            <Shape><Polygon POINTS="1610 2359 1610 2398 2660 2383 2663 2345 2654 2301 1607 2316 1610 2359"/></Shape>
	    <String CONTENT="porter les corps des mors en quarrieres"
                    HPOS="1607"
                    VPOS="2301"
                    WIDTH="1056"
                    HEIGHT="97"
                    WC="0.9974270264307658"></String>
          </TextLine>

          
          
          <TextLine ID="eSc_line_c0ced340"
                    TAGREFS="LT6549"
                    BASELINE="1613 2430 2663 2415" 
                    HPOS="1610"
                    VPOS="2368"
                    WIDTH="1053"
                    HEIGHT="94">
            <Shape><Polygon POINTS="1613 2430 1613 2462 2663 2459 2663 2415 2654 2368 1610 2386 1613 2430"/></Shape>
	    <String CONTENT="et en grandes fosses qui estoient hors de"
                    HPOS="1610"
                    VPOS="2368"
                    WIDTH="1053"
                    HEIGHT="94"
                    WC="0.9839160311512831"></String>
          </TextLine>

          
          
          <TextLine ID="eSc_line_dbf4106e"
                    TAGREFS="LT6549"
                    BASELINE="1604 2494 2640 2483" 
                    HPOS="1601"
                    VPOS="2433"
                    WIDTH="1039"
                    HEIGHT="111">
            <Shape><Polygon POINTS="1604 2494 1604 2530 1754 2544 1757 2544 1839 2530 1859 2527 1874 2530 1918 2541 1921 2541 1924 2541 2637 2524 2640 2483 2631 2433 1601 2442 1604 2494"/></Shape>
	    <String CONTENT="la uille et la les mengierent les chiens"
                    HPOS="1601"
                    VPOS="2433"
                    WIDTH="1039"
                    HEIGHT="111"
                    WC="0.9890945121645928"></String>
          </TextLine>

          
          
          <TextLine ID="eSc_line_afed3915"
                    TAGREFS="LT6549"
                    BASELINE="1607 2562 2637 2553" 
                    HPOS="1604"
                    VPOS="2512"
                    WIDTH="1033"
                    HEIGHT="82">
            <Shape><Polygon POINTS="1607 2562 1607 2594 2634 2585 2637 2553 2631 2515 1604 2512 1607 2562"/></Shape>
	    <String CONTENT="et les oiseaux. Et ainsi demourerent"
                    HPOS="1604"
                    VPOS="2512"
                    WIDTH="1033"
                    HEIGHT="82"
                    WC="0.9869510018163257"></String>
          </TextLine>

          
          
          <TextLine ID="eSc_line_6dfa79fb"
                    TAGREFS="LT6549"
                    BASELINE="1607 2632 2660 2617" 
                    HPOS="1604"
                    VPOS="2571"
                    WIDTH="1056"
                    HEIGHT="99">
            <Shape><Polygon POINTS="1607 2632 1607 2670 2657 2656 2660 2617 2651 2571 1604 2582 1607 2632"/></Shape>
	    <String CONTENT="les bretons soubz messire ayton daure"
                    HPOS="1604"
                    VPOS="2571"
                    WIDTH="1056"
                    HEIGHT="99"></String>
          </TextLine>

          
          
          <TextLine ID="eSc_line_d16a3e58"
                    TAGREFS="LT6549"
                    BASELINE="1610 2700 2663 2685" 
                    HPOS="1607"
                    VPOS="2644"
                    WIDTH="1056"
                    HEIGHT="94">
            <Shape><Polygon POINTS="1610 2700 1610 2738 2663 2717 2663 2685 2654 2644 1607 2653 1610 2700"/></Shape>
	    <String CONTENT="cheualier establi capitaine de par la du"
                    HPOS="1607"
                    VPOS="2644"
                    WIDTH="1056"
                    HEIGHT="94"
                    WC="0.9815643921494484"></String>
          </TextLine>

          
          
          <TextLine ID="eSc_line_97c3314c"
                    TAGREFS="LT6549"
                    BASELINE="1610 2767 2651 2752" 
                    HPOS="1607"
                    VPOS="2714"
                    WIDTH="1044"
                    HEIGHT="91">
            <Shape><Polygon POINTS="1610 2767 1610 2805 2649 2790 2651 2752 2643 2714 1607 2723 1610 2767"/></Shape>
	    <String CONTENT="chesse en la uille de la roche deryan. et ot"
                    HPOS="1607"
                    VPOS="2714"
                    WIDTH="1044"
                    HEIGHT="91"
                    WC="0.9909102740612897"></String>
          </TextLine>

          
          
          <TextLine ID="eSc_line_e8fda380"
                    TAGREFS="LT6549"
                    BASELINE="1604 2834 2651 2826" 
                    HPOS="1601"
                    VPOS="2779"
                    WIDTH="1050"
                    HEIGHT="91">
            <Shape><Polygon POINTS="1604 2834 1604 2870 2649 2861 2651 2826 2646 2782 1601 2779 1604 2834"/></Shape>
	    <String CONTENT="la dite duchesse les fruiz et les reuenues"
                    HPOS="1601"
                    VPOS="2779"
                    WIDTH="1050"
                    HEIGHT="91"
                    WC="0.9875185745103019"></String>
          </TextLine>

          
          
          <TextLine ID="eSc_line_9900c9e7"
                    TAGREFS="LT6549"
                    BASELINE="1607 2902 2663 2884" 
                    HPOS="1604"
                    VPOS="2849"
                    WIDTH="1059"
                    HEIGHT="91">
            <Shape><Polygon POINTS="1607 2902 1607 2940 2663 2934 2663 2884 2654 2849 1604 2855 1607 2902"/></Shape>
	    <String CONTENT="qui estoient deues au duc son mari tout"
                    HPOS="1604"
                    VPOS="2849"
                    WIDTH="1059"
                    HEIGHT="91"
                    WC="0.9797406532825568"></String>
          </TextLine>

          
          
          <TextLine ID="eSc_line_72f94b23"
                    TAGREFS="LT6549"
                    BASELINE="1604 2972 2640 2960" 
                    HPOS="1601"
                    VPOS="2911"
                    WIDTH="1039"
                    HEIGHT="96">
            <Shape><Polygon POINTS="1604 2972 1604 3004 2634 3007 2640 2960 2631 2911 1601 2919 1604 2972"/></Shape>
	    <String CONTENT="enuiron la roche deryan iusques a .ii."
                    HPOS="1601"
                    VPOS="2911"
                    WIDTH="1039"
                    HEIGHT="96"
                    WC="0.9813676507849443"></String>
          </TextLine>

          
          
          <TextLine ID="eSc_line_ae678dc6"
                    TAGREFS="LT6549"
                    BASELINE="1604 3046 2681 3028" 
                    HPOS="1601"
                    VPOS="2978"
                    WIDTH="1080"
                    HEIGHT="103">
            <Shape><Polygon POINTS="1604 3046 1604 3081 2678 3063 2681 3028 2672 2978 1601 2996 1604 3046"/></Shape>
	    <String CONTENT="lieues. ¶ En ce meismes temps le con"
                    HPOS="1601"
                    VPOS="2978"
                    WIDTH="1080"
                    HEIGHT="103"></String>
          </TextLine>

          
          
          <TextLine ID="eSc_line_bc84e563"
                    TAGREFS="LT6549"
                    BASELINE="1607 3110 2651 3095" 
                    HPOS="1604"
                    VPOS="3057"
                    WIDTH="1047"
                    HEIGHT="103">
            <Shape><Polygon POINTS="1607 3110 1607 3142 1997 3160 2000 3160 2115 3142 2214 3157 2217 3157 2414 3154 2417 3154 2420 3154 2443 3136 2552 3151 2555 3151 2558 3151 2561 3151 2561 3148 2578 3131 2651 3128 2651 3095 2643 3057 1604 3063 1607 3110"/></Shape>
	    <String CONTENT="te de flandres prist. a fẽme la fille du duc"
                    HPOS="1604"
                    VPOS="3057"
                    WIDTH="1047"
                    HEIGHT="103"></String>
          </TextLine>

          
          
          <TextLine ID="eSc_line_c2863d6e"
                    TAGREFS="LT6549"
                    BASELINE="1610 3183 2649 3169" 
                    HPOS="1607"
                    VPOS="3131"
                    WIDTH="1042"
                    HEIGHT="85">
            <Shape><Polygon POINTS="1610 3183 1610 3213 2643 3216 2649 3169 2643 3131 1607 3131 1610 3183"/></Shape>
	    <String CONTENT="de brebant. ¶ En icelui an le samedy"
                    HPOS="1607"
                    VPOS="3131"
                    WIDTH="1042"
                    HEIGHT="85"></String>
          </TextLine>

          
          
          <TextLine ID="eSc_line_e78666c9"
                    TAGREFS="LT6549"
                    BASELINE="1610 3254 2663 3236" 
                    HPOS="1607"
                    VPOS="3195"
                    WIDTH="1056"
                    HEIGHT="94">
            <Shape><Polygon POINTS="1610 3254 1610 3289 2660 3271 2663 3236 2654 3195 1607 3198 1610 3254"/></Shape>
	    <String CONTENT="quart iour du mois daoust pour ce que"
                    HPOS="1607"
                    VPOS="3195"
                    WIDTH="1056"
                    HEIGHT="94"
                    WC="0.9912115061605299"></String>
          </TextLine>

          
          
          <TextLine ID="eSc_line_f85c8630"
                    TAGREFS="LT6549"
                    BASELINE="1610 3321 2669 3298" 
                    HPOS="1607"
                    VPOS="3251"
                    WIDTH="1062"
                    HEIGHT="102">
            <Shape><Polygon POINTS="1610 3321 1610 3353 2669 3333 2669 3298 2660 3251 1607 3271 1610 3321"/></Shape>
	    <String CONTENT="le Roy ala trop tart pour secourre la uil"
                    HPOS="1607"
                    VPOS="3251"
                    WIDTH="1062"
                    HEIGHT="102"></String>
          </TextLine>

          
          
          <TextLine ID="eSc_line_a9a259aa"
                    TAGREFS="LT6549"
                    BASELINE="1607 3383 2649 3371" 
                    HPOS="1604"
                    VPOS="3330"
                    WIDTH="1045"
                    HEIGHT="88">
            <Shape><Polygon POINTS="1607 3383 1607 3418 2649 3403 2649 3371 2640 3330 1604 3333 1607 3383"/></Shape>
	    <String CONTENT="le de Calais non obstant que par pluẜs"
                    HPOS="1604"
                    VPOS="3330"
                    WIDTH="1045"
                    HEIGHT="88"
                    WC="0.9954899596540552"></String>
          </TextLine>

          
          
          <TextLine ID="eSc_line_74d3970d"
                    TAGREFS="LT6549"
                    BASELINE="1607 3447 2643 3432" 
                    HPOS="1604"
                    VPOS="3391"
                    WIDTH="1039"
                    HEIGHT="91">
            <Shape><Polygon POINTS="1607 3447 1607 3482 2640 3468 2643 3432 2634 3391 1604 3400 1607 3447"/></Shape>
	    <String CONTENT="fois il eust nus grant cure ⁊ diligence"
                    HPOS="1604"
                    VPOS="3391"
                    WIDTH="1039"
                    HEIGHT="91"
                    WC="0.9884593242254013"></String>
          </TextLine>

          
          
          <TextLine ID="eSc_line_21acd1f9"
                    TAGREFS="LT6549"
                    BASELINE="1604 3515 2646 3497" 
                    HPOS="1601"
                    VPOS="3447"
                    WIDTH="1045"
                    HEIGHT="103">
            <Shape><Polygon POINTS="1604 3515 1604 3550 2607 3547 2610 3547 2613 3547 2646 3526 2646 3497 2637 3447 1601 3465 1604 3515"/></Shape>
	    <String CONTENT="de les secourre. mais il ne pouoient es"
                    HPOS="1601"
                    VPOS="3447"
                    WIDTH="1045"
                    HEIGHT="103"
                    WC="0.9891919096310934"></String>
          </TextLine>

          
          
          <TextLine ID="eSc_line_ad5788e5"
                    TAGREFS="LT6549"
                    BASELINE="1604 3585 2657 3567" 
                    HPOS="1601"
                    VPOS="3518"
                    WIDTH="1056"
                    HEIGHT="111">
            <Shape><Polygon POINTS="1604 3585 1604 3617 1950 3629 1953 3629 2053 3614 2619 3617 2622 3617 2625 3617 2657 3600 2657 3567 2649 3518 1601 3532 1604 3585"/></Shape>
	    <String CONTENT="tre secouruz pour le lieu ou le Roy dangł"
                    HPOS="1601"
                    VPOS="3518"
                    WIDTH="1056"
                    HEIGHT="111"></String>
          </TextLine>

          
          
          <TextLine ID="eSc_line_cc1e81c7"
                    TAGREFS="LT6549"
                    BASELINE="1607 3652 2616 3641" 
                    HPOS="1604"
                    VPOS="3603"
                    WIDTH="1012"
                    HEIGHT="79">
            <Shape><Polygon POINTS="1607 3652 1607 3682 2613 3676 2616 3641 2607 3603 1604 3608 1607 3652"/></Shape>
	    <String CONTENT="et son ost estoient logiez qui estoit in"
                    HPOS="1604"
                    VPOS="3603"
                    WIDTH="1012"
                    HEIGHT="79"
                    WC="0.9958182498812675"></String>
          </TextLine>

          
          
          <TextLine ID="eSc_line_fccf91f2"
                    TAGREFS="LT6549"
                    BASELINE="1604 3720 2631 3708" 
                    HPOS="1601"
                    VPOS="3664"
                    WIDTH="1030"
                    HEIGHT="97">
            <Shape><Polygon POINTS="1604 3720 1604 3761 2628 3761 2631 3708 2625 3667 1601 3664 1604 3720"/></Shape>
	    <String CONTENT="accessible et estoit le passage tel que ꝑ"
                    HPOS="1601"
                    VPOS="3664"
                    WIDTH="1030"
                    HEIGHT="97"
                    WC="0.9846884448353838"></String>
          </TextLine>

          
          
          <TextLine ID="eSc_line_a2997b2c"
                    TAGREFS="LT6549"
                    BASELINE="1607 3793 2646 3775" 
                    HPOS="1604"
                    VPOS="3732"
                    WIDTH="1042"
                    HEIGHT="99">
            <Shape><Polygon POINTS="1607 3793 1607 3831 2297 3831 2297 3828 2499 3811 2613 3822 2616 3822 2619 3822 2622 3822 2646 3808 2646 3775 2637 3732 1604 3752 1607 3793"/></Shape>
	    <String CONTENT="aucun effort nulz ny pouoit entrer ne"
                    HPOS="1604"
                    VPOS="3732"
                    WIDTH="1042"
                    HEIGHT="99"
                    WC="0.9740454393464166"></String>
          </TextLine>

          
          
          <TextLine ID="eSc_line_a501503d"
                    TAGREFS="LT6549"
                    BASELINE="1604 3858 2643 3840" 
                    HPOS="1601"
                    VPOS="3793"
                    WIDTH="1042"
                    HEIGHT="106">
            <Shape><Polygon POINTS="1604 3858 1604 3899 2640 3881 2643 3840 2634 3793 1601 3808 1604 3858"/></Shape>
	    <String CONTENT="par la mer aussi ne pouoient estre se"
                    HPOS="1601"
                    VPOS="3793"
                    WIDTH="1042"
                    HEIGHT="106"
                    WC="0.9850318480182338"></String>
          </TextLine>

          
          
          <TextLine ID="eSc_line_d72c8139"
                    TAGREFS="LT6549"
                    BASELINE="1607 3922 2654 3913" 
                    HPOS="1604"
                    VPOS="3866"
                    WIDTH="1050"
                    HEIGHT="91">
            <Shape><Polygon POINTS="1607 3922 1607 3957 2651 3948 2654 3913 2646 3866 1604 3881 1607 3922"/></Shape>
	    <String CONTENT="couruz pour le nauire du Roy danglet̾"
                    HPOS="1604"
                    VPOS="3866"
                    WIDTH="1050"
                    HEIGHT="91"
                    WC="0.9883673996538729"></String>
          </TextLine>

          
          
          <TextLine ID="eSc_line_7b9c488a"
                    TAGREFS="LT6549"
                    BASELINE="1604 3998 2657 3989" 
                    HPOS="1601"
                    VPOS="3937"
                    WIDTH="1056"
                    HEIGHT="117">
            <Shape><Polygon POINTS="1604 4054 2654 4042 2657 3989 2651 3946 1625 3965 1622 3937 1619 3937 1616 3937 1601 3946 1604 3998"/></Shape>
	    <String CONTENT="qui estoit deuant la dite uille de Calais"
                    HPOS="1601"
                    VPOS="3937"
                    WIDTH="1056"
                    HEIGHT="117"></String>
          </TextLine>

          
        </TextBlock>
        

        
      </PrintSpace>
    </Page>
  </Layout>
</alto>
