3386 5338
789 680 1113 105 ses diz messages fist offrir au dit Roy

789 756 1110 115 dangleterre pour le debat de la terre de bel

789 848 1122 89 leuille et pour toutes autres contencieu

792 925 1113 89 ses tant de picardie cõme daillieurs dõt

795 1005 1110 92 le dit Roy dangleterre faisoit ou pouoit

789 1070 1083 89 faire demande a cause du traictie de la

792 1135 1107 86 paix et pour la deliurance de tous les hos

789 1218 1113 80 taiges nobles la reuenue de la cõmune

786 1269 1086 101 paix de Rouergue. de la quelle le. Roy

786 1328 1059 113 de france fait demande. La uille et le

792 1408 1089 86 chastel de la roche sur yon. La Conte

786 1485 1129 80 de la marche. et la terre que monseign᷑

786 1556 1113 98 destampes a en poitou a cause de mada

786 1613 1095 98 me sa fẽme. les quelles choses sont tres

789 1690 1092 83 nobles et de tresgrant ualeur. Et ceste

789 1761 1113 83 offre faisoit le Roy de france pour auoir

786 1829 1113 95 parx au dit Roy dangleterre. Et pour

783 1886 1110 106 oster toutes matieres de debaz et de ques

780 1957 1137 95 tions. car le Roy de france ny estoit ne est

783 2028 1095 95 en riebs tenuz. Aincois tient et tout

783 2096 1098 101 son conseil que le dit Roy dangleterre

783 2191 1116 86 na cause ne raison de faire les demãdes

786 2256 1101 77 quil fait des dites terres de Belleuille

789 2310 1119 112 et autres contencieuses. Et a tousiours

786 2399 1098 89 offert le Roy de france que le Pape et

783 2467 1128 83 leglise de Rome a qui les parties se sont

783 2526 1095 104 soubmises de tout lacomplissement

780 2594 1145 98 de la paix par foy et sairement cognois

783 2671 1125 98 se et determine du debat des dites terres

783 2746 1110 95 contencieuses ueu le dit traictie ⁊ oyes

783 2817 1122 86 les parties sõmierement ⁊ de plain. ou

780 2891 1113 92 se le Roy dangleterre ueult que les cõis

783 2941 1128 119 sions soient renouuelees aus cõmissai

783 3021 1101 98 res autrefoiz esleuz des parties. sur le

780 3096 1119 89 debat des dites terres ou a autres encor

786 3161 1101 98 plaist il au Roy de france. nonobstant

783 3220 1092 116 que le Roy dangleterre. ses cõmissaires

789 3306 1065 101 et procureurs aient este negligens de

789 3365 1113 107 proceder et que par leur negligence le

786 3446 1128 100 Roy de france en peust et deust auoir gnͣt

792 3514 1122 98 proffit. et auroit plus chier le Roy que

789 3582 1104 83 la uerite fust sceue de son fait et de ses

786 3638 1125 95 deffenses et quil en fust iugie. que ce que

786 3718 1110 92 le Roy dangleterre preist les dites terres

789 3789 1133 95 offertes pour les dites terres contencieuses

789 3861 1104 100 les quelles offres le roy dangleterre et

789 3914 1113 101 son conseil ont toutes reffusees ⁊ dient

789 3988 1074 98 quilz sont bien Informez et acertenez

792 4056 1133 98 quilz ont bon droit et quilz nen prendrõt

783 4128 1127 115 aucuns Iuges. et ainsi ueulent estre Iu

2068 706 979 112 ges en leur cause la quelle chose est cõ

2065 782 988 119 tre toute raison. Et quant a ce que le

2062 851 961 109 roy dangleterre on son conseil dient

2062 934 982 95 ou dit article quil tient la dite com

2059 1015 1006 103 mune paix de Rouergne et en a posses

2047 1078 997 99 sion et li a este bailliee par le traictie de

2064 1162 986 87 la paix ¶ Response que le dit Roy dã

2065 1209 964 98 gleterre tient de fait la dite cõmune

2059 1284 959 97 paix de Rouergue soubz umbre du

2059 1352 959 95 pays de Rouergne qui li a este baillie

2059 1425 967 93 Iasoit ce que ycelle cõmune paix ne li

2056 1491 985 101 doiue appartenir. Et pour ce en fait le

2056 1559 988 104 Roy de france demande et en ueult estre

2047 1619 979 95 iugie cõme dessus. Et pareillement

2053 1699 997 92 de la Roche sur yon diti le Roy de fran

2059 1755 970 92 ce que elle ne doit pas appartenir au

2059 1829 970 98 Roy dangleterre. et en ueult estre iugie

2062 1903 970 92 cõme dessus. ¶ Et quant a ce que le

2056 1969 959 97 dit Roy dangleterre ou son conseil

2053 2028 956 98 ou dit article quil senformera de la

2062 2105 958 98 ualeur de la dite terre de belleuille il

2059 2186 970 85 les prendra et sil y a aparfaire il tiẽt

2072 2264 946 93 que le Roy de france y parfẽra. ¶ Res

2071 2336 955 89 ponse. que la dite Conte de la Marche

2071 2399 920 89 et les terres du dit Conte destampes

2071 2467 955 80 nont pas este offertes pour la dite terre

2062 2540 953 78 de belleuille. mais pour toutes les ter

2062 2606 956 77 res contencieuses et la deliurance des

2046 2663 939 90 hostaiges nobles auecques la dicte

2059 2728 956 96 cõmune paix de la Roche sur yon . Et

2056 2793 956 110 pour paix auoir cõme dit est. Car les

2053 2861 947 101 dites terres de la marche ⁊ destampes

2056 2935 962 92 sont plus nobles et ualent plus que

2059 3001 950 112 ne fait la dite terre de belleuille. Et si

2059 3081 935 89 tent le Roy de france quil a bailliee

2056 3131 944 116 la dicte terce de belleuille anisi cõme

2059 3224 959 100 faire le deust par la paix, et en ueult es

2059 3279 941 104 tre Iugie cõme dit est. Et toutesfois

2065 3345 947 106 auoit fait offrir pour la dite terre de

2062 3427 953 99 belleuille la Conte de la marche poir

2071 3481 932 128 paix auoir. et le dit Roy dangleterre

2068 3571 941 97 ne la pas uoulu faire. ¶ Et quant a

2065 3617 941 116 ce que contenu est ou dit article. que

2062 3700 967 95 le Roy de france baille au dit Roy dan

2065 3760 944 124 gleterre les autres terres ⁊ lieux qui

2066 3845 963 105 restent encore a baillier ou pays daqui

2065 3902 947 101 taine ou souffisant recompensacion

2071 3975 947 96 pour y ceulz dont le dit Roy danglet̾re

2066 4040 947 99 soit content ¶ Response. que le Roy

2060 4105 947 103 de france tient que il abaillie au dit
