3281 5292
128 682 1006 90 rendre et mectre en lobeissance du Roy

123 746 1030 103 les seigneurs de bedos. monẜ auisant de

131 817 1007 106 caumont. le sire du chastel dandorte les

114 887 1068 103 enfans de sainte aoys euls leurs uilles chas

128 956 1024 89 teaux et forteresses dont ilz auoient gnͣt

128 1037 1020 87 nombre. Et le dit mons daniou estant

128 1106 1055 84 au siege deuant le dit lieu de saint maqͣire

120 1170 1059 79 lui uindrent les nouueles que les seigneurᷤ

129 1231 1042 92 de duras et de Rosan sestoient tournez an

135 1296 1024 94 glois. Et tantost quil le scent combien q̃

132 1372 1045 92 il eust ordene de aler mectre le siege deuant

138 1434 1039 94 Cardilhac uoiant la mauuaistie des dessus

123 1502 1054 85 dis il uint deuant duras le iour saint de

123 1575 1048 91 nys et incontinent quil uint deuant fist

123 1637 1054 94 assegier la uille Icelui iour ne fu pas prise

126 1714 1021 85 Et lendemain ordena a la faire assaillir

117 1766 1062 106 Et puis les gens de la uille doubtans las

108 1846 1054 103 sault la rendirent. Et puis assist le siege

120 1919 1021 94 deuant le chastel du dit lieu qui młt est

123 1990 1039 85 fort et y fist drecier ses truyes et engins et

129 2069 1030 86 canons qui moult en domagerent le chas

126 2125 1012 100 tel et en la parfin lui fu rendu et yfu trois

120 2193 1042 100 sepmaines au siege. Et apres le dit chastel

136 2280 1016 96 rendu pour la saison de lyuer qui estoit ue

119 2354 1011 89 nue et aussi comme tous les cheuaux se

136 2418 1025 95 mouroient de parti ses gens par establies po᷑

119 2474 1033 110 la saison de lyuer. Et celle saison conquist

110 2554 1051 88 que par force que autrement et mist en lo

117 2616 1048 97 beissance du Roy monẜ daniou młt dautreᷤ

114 2693 1030 85 bonnes et grosses uilles cõme blayue et

126 2760 1003 97 Mussidan. et pluseurs autres forteresses

141 2813 1002 115 ne tenoient les seigneurs de lagonan et

141 2888 971 97 Mussidan. si que celle saison conquesta

123 2970 1055 86 iusques au nombre de .uiͯ.ͯ et .xiiii. q̃ uilleᷤ

128 3025 1051 114 que chasteaux que autres grosses forteresses

128 3095 1033 115 et notables. Coment ceuls qui tenoient

132 3157 1042 115 le chastel dauroy se rendirent en lobeissã

117 3239 1012 94 ce du Roy de fnͣce par le Sire de Clicon.

344 3310 815 109 N celle meisme saison. cest asẜ le

338 3398 774 85 iour de la mi aoust ensuyuant

341 3463 821 94 ceuls qui estoient on chastel dau

97 3528 1068 108 roy en bretaigne deuant le quel le seigneur

102 3592 1036 109 de clicon estoit a siege le rendirent au dit

100 3663 1024 106 seigneur de clicon pour le Roy de france et

105 3736 1042 103 sen alerent en angleterre, et ainsi demoura

102 3801 1039 112 toute la duchie de bretaigne au roy de fnͣce

114 3880 1024 86 excepte seulement le chastel de brest deuant

108 3939 1048 100 le quel auoit bastides pour le Roy affin que

86 4020 1075 98 ceuls du dit chastel ne peussent saillir hors.

110 4089 1033 104 ¶ Et en celui mesmes temps le nauire

1338 690 1071 97 du Roy de france qui estoit sur la mer fu

1335 755 1077 103 en angleterre et pristrent ceuls qui estoiẽt

1338 834 1101 100 dedenz la uille de la Rie bonne uille ⁊ grosse

1329 907 1090 102 et apres lardirent et la laissierent ¶ Et

1338 973 1074 79 en celui temps le Roy de france enuoia le

1332 1037 1086 94 duc de bourgoigne son frere, le seigneur de

1332 1108 1072 100 clicon et pluseurs autres en la froutiere de

1332 1178 1098 86 calais auecques ceuls qui deuant y estoiẽt

1330 1243 1097 103 de par lui. et le .iiiiͤ. iour de septembre le dit

1330 1308 1094 103 duc et sa compaignie alerent deuant ardre

1332 1378 1098 100 et le septiesme iour du dit mois la dite uille

1330 1455 1085 76 fu rendue au dit duc pour le Roy. Et le dit

1330 1517 1124 94 iour fu pris dassault le chastel de banelingue

1330 1584 1079 91 han et la forteresse de la planque rendue. et

1327 1649 1082 85 de puis. aussi fu pris le chastel dandruic. Et

1338 1722 1095 80 apres se parti le due et sa compaignie du pays

1330 1784 1088 100 de picardie car ilz ny pouoient plus besoig

1332 1852 1083 88 nier pour le temps qui fu trop pluyeux. et

1335 1928 1092 85 establirent des gens darmes et arbalestiers

1327 1975 1100 115 pour garder. les dites forteresses quil auoiẽt

1329 2050 1077 119 prises. ¶ Et toutesuoies les anglois ne

1327 2128 1085 103 retournerent point abruges ala mi aoust

1330 2207 1085 103 Mil CCClxxuii. pour faire les responses sur

1327 2266 1094 103 les offres qui leur auoient este faites abou

1330 2354 1112 86 loingne ainsi quilz auoient promis si cõme

1332 2428 515 103 il fu dit par deuant.
