3343 5345
246 644 1040 122 Marraines les Roynes Iehanne de

243 742 1028 98 ureux qui auoit este feme du .Roy

246 813 1040 98 Charles qui fu mort lan Mcccxxuii.

246 884 1055 95 Et blanche de Nauarre qui auoit este

243 959 1025 92 fẽme du Roy Phelippe qui mourut

240 1015 1040 104 lan MilCCCl. en la uille de nogent le

243 1089 1046 95 Roy. Et Marguerite Contesse dartoys

243 1169 1028 84 mere du Conte de flandres loys Et si

243 1226 1019 101 y furent grant foison de prelaz qui

240 1291 1016 98 estoient a Paris. ¶ Item enuiron

237 1357 1067 109 la natiuite saint Iehan baptiste ou dit

237 1440 1055 80 au Milccclxui. uindrent nouuelles en

234 1499 1031 98 france que le dit Roy Henry de castel

231 1582 1046 83 le auoit conqueste tout le Royaume

231 1653 1028 87 de Castele et toute la terre que auoit

237 1716 1073 89 tenue le Roy Pierre du dit Royaume.

237 1793 1058 98 et que ycelui Roy Pierre sen estoit fou

237 1858 1058 101 iz len ne sauoit quel part et auoit lais

240 1933 1046 77 sie tout son pays le quel pays estoit

234 1989 1043 101 tout en lobeissance du dit Roy henry

231 2057 1061 116 Et ce fu chose tenue a młt gnͣt merueil

237 2138 1040 97 le car le dit Roy pierre estoit tenus

234 2209 1061 98 auant que les dictes compaignes en

240 2277 1049 86 trassent en son pays le plus puissant

234 2351 1049 80 Roy des crestiens de terres de subgiez ⁊

228 2411 1061 86 de grans tresors et toutesuoies auoit

234 2485 1061 83 este tout son pays conqueste en mains

231 2541 1049 98 de troys mois sanz ce que il y eust nulz

237 2619 1025 106 qui mis y eust aucune resistance et

234 2696 1052 95 si estoit le dit Roy pierre tenuz le plꝰ

231 2770 1034 95 hardy et le plus crueulz Roy des cresti

234 2838 1037 101 ens Si disoit len cõmunelment que

231 2907 1043 104 ces choses li estoient auenues par uen

228 2984 1037 86 iance de dieu car il auoit fait moult

231 3049 1040 98 de maulx et auoit gouuerne par Ty

228 3120 1005 98 rannie si nestoit point auiez de ses

222 3180 1058 110 subgiez. Et entre ses autres mauuais

222 3260 984 92 faiz il auoit mauuaisement fait

231 3334 1031 83 murtrir sa fẽme espousee tres bonne

231 3394 1046 101 et tres loyal creature la quelle auoit

228 3477 1058 86 este fille du duc de Bourbon qui mon

231 3539 1017 92 rut en la bataille de Poitiers la ou

228 3595 1034 96 le Roy Iehan fu pris et estoit suer de

225 3673 1046 92 la Royne de france qui lors estoit et

231 3744 1046 98 pour ce que il sauoit bien que ses sub

231 3809 1028 80 giez le heoient il ne se osa combatre si

237 3875 1002 83 perdi tout et sen ala si cõme aucuns

231 3931 999 86 disoient lors en terres de sarrazins.

225 3993 1017 113 Les autres disoient quil estoit alez

222 4085 1057 93 uers le Roy dangleterre et uers le prĩce

1459 650 1099 113 de Galles ⁊ daquitaine filz du dit Roy

1459 733 1096 101 dangleterre pour auoir ayde ⁊ secours

1453 804 1099 86 deuls et assez tost apres sot len cer

1459 867 1078 95 tainement en france que le dit. Roy

1462 956 1093 92 pierre estoit auecques le Prince en

1462 1018 1099 107 gastoigne et fist aliances auecques

1459 1086 1102 98 li et donna au dit prince grant foisõ

1453 1161 1081 83 dor ⁊ de riches ioyaux et par ce y celui

1453 1232 1120 95 prince li promist que il li aideroit a re

1453 1288 1093 98 couurer son pays et fist y celui prince

1453 1368 1111 98 grant semonce de genz darmes pour

1456 1437 1063 104 mener en Castelle auecques le dit

1464 1505 1094 104 Roy pierre et par pluseurs foiz les cõ

1459 1579 1034 89 tremanda. De lomage que Iehan de

1470 1653 1070 96 mont fort fist au Roy de france du duche

1476 1722 1058 98 de Bretaigne et cõment la fẽme du dit

1670 1790 879 95 An dessus dit charles y reuonca.

1687 1858 880 98 Milccclxui. ou mois de decembre

1670 1927 900 83 cest asauoir le xiiiͤ. iour le dit

1444 2007 1084 74 messire Iehan de montfort lors Duc

1444 2057 1108 92 de Bretaingne par le traictie dont dessꝰ

1464 2140 1073 90 est faicte mencion fist homaige lige a

1459 2212 1099 89 paris au Roy de france charles du Du

1456 2283 1087 86 chie de Bretaigne et de toutes les au

1450 2354 1087 80 tres terres que il tenoit ou royaume

1444 2423 1096 77 de france et se parti du Roy en bonne

1444 2482 1129 89 grace ⁊ amour que lun auoit a lau

1447 2550 1108 92 tre si cõme il sembloit et si li fist le roy

1441 2636 1120 86 de beaux dons de ioyaux ⁊ de cheuaux.

1447 2696 1126 98 Et en celui mesmes temps la duchesse

1444 2767 1102 95 fẽme du duc mort en la bataille dessꝰ

1438 2832 1117 92 dicte ractefia en sa personne au dit duc

1438 2907 1093 89 de Bretaigne en la presence du roy et

1438 2981 1114 107 de son conseil le trautie fait par le sire

1435 3058 1108 98 de Beaumanoir et les autres ses pro

1435 3126 1078 92 cureurs dessus escrips en renontant

1441 3195 1129 98 au dit duchie par la maniere que il a

1441 3263 1102 95 uoit este traictie en requerant au Roy

1441 3334 1090 101 que ainsi le confermast et pronũcast

1438 3408 1093 81 en force ⁊ uertu darrest et ausi fu fait ⁊

1438 3462 1087 110 pronuncie en la presence du Roy ⁊ des

1438 3536 1150 104 deux parties par mesẜ iehan de dormãs

1438 3607 1117 98 lors euesque de Beauues ⁊ chancellier

1435 3682 1087 92 de france ¶ Item le lundy .xxiͤ. iour

1438 3744 1099 89 du dit mois de decembre Madame Ie

1438 3824 1105 80 hanne fille du dit Roy de france Char

1438 3884 1120 95 les mourut a Paris en lostel de la con

1435 3949 1087 95 ciergerie de lostel du Roy le quel hostel

1438 4023 1087 95 est pres de Saint pol et le mardi enẜ fu

1438 4088 1108 107 enterree en leglise saint denis en france
