3453 5289
443 543 999 144 bilite auant ce que aurelieus y uenist on

449 655 993 97 temps de son empire. mais il est uoir q̃ de la

449 719 990 112 uenue de celui aurelien le chastel de digõ en

446 787 1008 109 nobli ⁊ amanda. ce chastiau est clos de mur

446 860 982 106 de pierre quarree taillie au cisel de .xii. piez

449 928 990 100 despes et de .i. de haut. de .xxxiiii. tours est le

449 990 1005 103 chastiau enuironne qui ferment as murs

449 1060 964 103 tout entour ⁊ sont assises de droite deuise

449 1134 999 97 entre lune ⁊ lautre. En ce chastel a .iiii. por

446 1198 952 103 tes qui regardent es .iiii. ꝑties du siecle.

452 1269 976 88 Lune u̾s orient. lautre uers midi. la tier

446 1336 979 100 te u̾s occident. et la quarte u̾s septentriõ.

449 1407 964 97 Le terrouer qui est entour est młt plente

449 1477 988 92 reux ⁊ młt habondant par deu̾s midi cuert

429 1545 990 88 une riuiere qui a non oscares qui młt est ri

440 1619 964 82 ches de diu̾ses manieres de poissons par de

446 1680 964 91 u̾s bise acourt un autre fleuue si entre ꝑ

446 1751 961 85 mi une des portes du chastel ⁊ en ist hors

449 1818 952 100 ꝑmi une autre si roidem̃t quil fait les *

449 1880 967 97 moulins tourner par m̾ueilleuse legiere

446 1951 973 94 te. si fu m̾ueilles quant chastiau de si gnͣt

446 2030 949 94 noblesce ne porta le non de cite. Souz lẽ

449 2100 970 89 ꝑeour aurelien dont nous auons dessus ꝑ

443 2162 955 91 le fu mͣrtirie a lonneur et a la gloire de *

446 2227 964 100 sainte t̾nite ⁊ pour la foy ihũcrist qui est

443 2297 949 91 ce meismes ꝑe ⁊ filz et saint esꝑit. En ce

443 2368 979 94 temps q̃ cil aurelien estoit en bourgoigne

446 2435 952 97 madame sainte columbe demouroit en

449 2497 955 97 i. chastel assis en .i. miliaire de la cite de

443 2573 976 100 sens .S̾. benigne a digon si ꝯme il est dit

443 2644 973 103 deuãt .S̾. andochees ⁊ saint tirses dõt les

449 2715 961 102 corps sont a seellens on il furent mrͣ

449 2785 964 91 tiriez ꝑ celui emꝑeour que len dit qͥ furẽt

446 2850 961 94 freres. Sainte columbe qui uint despain

443 2914 982 109 gne es parties de france .S̾. nnͣtel a chaalõs

449 2997 955 94 q̃ il fist enterrer iusques a la cainture. cel

443 3061 958 97 le glorieuse uierge ⁊ les autres sains que

446 3123 949 100 noꝰ auõs ci nõmez mist il a martire selõ

443 3196 955 103 ce q̃ nous poons trouuer plus largem̃t ẽ

443 3258 967 112 leurs uies qui sont escͥptes en plusẜ eglises

446 3335 958 108 en bourgõigne et plusẜ autres sains qui

443 3402 967 100 ne sõt pas ci nõmez mist il a mrͣtire selon

443 3467 961 108 ce q̃ uous pouez trouuer fist il mͣrtirier en

443 3531 970 109 celle terre meismes. En ce temps acoucha

443 3599 979 115 la bonne royne crotilde dune maladie dõt

446 3669 944 109 elle mourut ancienne et plaine de iours

449 3737 943 115 fu morte en la cite de tours. Le roy clotai

455 3802 937 117 re ⁊ le roy childebert ses filz firẽt le corps

467 3872 931 130 apoit a paris a grant ꝓcession ⁊ a gnͣs cõ

473 3937 914 161 paingnies degens de religion ent᷑rer le fi

1630 540 1026 144 rent en leglise saint pere encoste son seig᷑

1630 655 1006 97 le fort roy clodonee. En celle meisme egli

1630 719 1014 100 se gist le corps madame sainte geneueue.

1630 787 1023 106 Lors ala mons .S̾. g̾main euesq̃ de paris a

1630 863 1008 91 lencõtre au roy theodebert iusq̃s a chaalõs

1628 928 1037 85 pour les besoignes de leglise. tant fu le pren

1625 996 1016 97 dõme gracieux et plain du saint esꝑit q̃ le

1628 1063 1013 100 roy ottroia sa requeste auant q̃ il eust sa

1628 1140 1002 88 peticion formee. au roy fist assauoir ⁊ de

1628 1195 990 100 nõca la fin de sa uie aussi cõme ꝑ ꝓphecie.

1622 1272 1019 88 Car pou de iours apres une fieure le prist

1625 1339 1037 100 ainsi cõme il uenoit a rains de ce siecle tres

1622 1410 1031 88 passa ou .xiiiͤ. an de son royaume aussi cõe

1619 1480 1025 92 se la parole du saint hõme eust este dite ꝑ

1619 1548 1014 94 bouche dange auant que il trespassast dõ

1619 1619 1014 79 na aus citoiens de uerdun .x. mille liures

1619 1683 1017 85 q̃ il leur deuoit chascun an en restoremẽt

1619 1748 1005 97 de la cite ⁊ ce fist il a la priere ⁊ ala req̃ste

1622 1815 1011 100 S̾. desir qui estoit euesque de celle cite. Cil

1616 1892 1031 94 roy fu bñ entechiez et bñ enseigniez ⁊ gar

1616 1962 1043 91 niz de belles paroles ⁊ de belles respõses a tou

1616 2030 1040 91 tes gens. młt amoit monẜ .S̾. mor iusq̃s

1616 2100 1049 86 a ce q̃ il li ottroia que il fondast une abbaie

1613 2171 1025 94 en une partie de son royaume en poito si

1616 2244 1037 91 est appellee glanc fouele. rentes ⁊ possessi

1613 2306 1031 97 õs y donna assez de sa grant courtoisie et

1607 2374 1017 103 de sa grant largesce. apres regna .i. si en

1610 2453 1028 85 filz qui ot nõ theodobauz. Cil fu abãdonne

1610 2518 1026 91 a dieu ⁊ a son ẜuice. młt amoit les p̾las

1610 2585 1014 94 ⁊ les menistres de sainte eglise. mais a sa

1613 2662 1031 94 gẽt estoit crueux. En son temps apparut

1610 2729 1028 97 ou ciel .i. signe m̾ueilleux. car une estoille

1610 2791 1034 97 uit si roidem̃t ꝑmi le firmamñt q̃ elle se fe

1616 2876 1020 88 ri ou corps de la lime. En celle annee por

1613 2944 1040 85 ta roysius une man̾e de arbre qui est appel

1610 3008 1031 89 le sambutus ⁊ les fleurs des arbres sont

1607 3079 1029 88 de telle nature q̃ il souloiẽt porter uoirs *

1613 3155 1037 88 grains firent grapes. En cel an fist si gnͣt

1610 3217 1043 91 froidure q̃ les yaues soustenoient les gẽs

1607 3290 1008 89 les oisiaux furent si destroit de fain ⁊ de

1607 3361 1017 85 froidure q̃ on les p̾uoit sur la uoif aus

1610 3426 1037 91 maĩs sanz nul engin. Ce roy theodebaus

1607 3496 1023 85 espousa walderade fille le roy wascon de

1604 3564 1037 85 lombardie sereur estoit wisegarde sa mar

1607 3637 1026 79 rastre. Son royaume gou̾na .uiii. ans

1607 3699 1034 97 puis fu mors. A son oncle le roy clothaire

1607 3769 1014 86 lessa ses tresors et son royaume car listoi

1604 3840 1040 91 re ne ꝑle pas quil eust nul hoir de sõ corps

1604 3910 1029 94 Cil qui ceste hystoire lisent ne doiuẽt pas

1601 3969 1011 129 entendre q̃ touz les roys que noꝰ nõmõs
