3325 5324
375 636 979 115 mis la ou il desiroit tout a sa uolente. a

381 700 1006 119 rome sen ala a charle et laissa toute la fau

381 777 994 116 se gloire de ce monde. un monstier fonda en

381 834 1000 127 un lien qui a nõ mõsorapt en lonueur .s̾.

378 908 976 112 seuestre pour ce quil sestoit la tapiz si cõe

378 976 991 103 len disoit ou temps de la ꝑsecucion des cre

381 1041 982 109 stiens qui fu souz lempeour constantĩ. La

378 1109 985 103 le tondi et beuei le ppͣe zacharie ⁊ li donna

378 1174 979 103 labit de moine puis laissa il ce lieu po ᷑ ce

381 1233 976 124 que les nobles gens de france qui la aloi

381 1313 988 106 ent le uisitoient trop souuent. En labbai

378 1375 988 106 e saint benoit de mõcassin entra en la con

381 1437 976 118 g̾gaciõ des autres freres la ẜm nr̃e seigne᷑

378 1508 967 109 ⁊ fist fruit de bonnes euures par la bonne

375 1582 991 106 uie quil mena puis toute sa uie. Grifon

372 1653 991 95 lautrei des freres ne uouloit estre sougiet

375 1715 968 101 a son frere pepin ia soit ce quil uesquist

375 1777 997 110 souz li honnorablem̃t. ains assambla tãt

372 1854 976 104 de gent cõme il pot auoir et sen fin en sais

372 1925 991 109 soigne en pou de temps apres uint a ost ꝯ

369 1990 1000 104 tre sõ frere sus uue riuiere qui a nõ onacre

375 2064 973 95 en .i. lieu qui a no est nõme orphã. Et le

375 2138 979 86 pͥnce pepin rassenbla des francois ꝯtre la

372 2197 994 92 desloyaute son frere. par toringe sen ala et

375 2268 991 86 entͣ en saissoigne. son ost fist logier en un

372 2339 1003 92 lieu qͥ estoit nõme scahingue sur .i. fleuue

375 2407 988 89 qui estoit appelle masaha pas nassamble

378 2484 976 83 rẽt a bataille ains firent ꝑlem̃t si se deꝑti

375 2546 991 95 rẽt atant. Grifon qui bien sapꝑcut de la le

375 2620 1000 89 gierete ⁊ de la faussete de la gent du pays se

375 2691 973 92 deꝑti de la terre pour ce quil se doubta dau

375 2759 979 95 cume traison. en bauiere sen ala. les chłrs

372 2827 976 98 ⁊ les ẜiãs du royaume de fnͣte qui a lui a

372 2898 985 89 loient reteuoit .Sugg̾. qui a li uint po᷑ li

375 2969 1009 80 aidier retint. si fist tant quil tolli la duchi

372 3022 994 98 ee au duc thessile qui estoit duc du pays.

375 3099 956 98 Qnͣt la nouuelle de ses fais fu raportee

372 3167 973 98 au prĩce pepin son frere il mut ⁊ entra en

372 3238 1006 89 bauiere a grant ost. Grifon ⁊ touz ceꝰ qui

375 3300 982 92 auec li estoient et qui a lin estoient uenuz

375 3362 982 101 prist. au duc thassille rendi sa t̾re . a tãt

375 3439 985 92 retourna en france. a grifon son frere dõ

378 3504 965 98 na .xii. contees ou royaume de neustrie.

381 3578 979 95 mais encore ne li souffist ce pas. ains sẽ

384 3641 976 106 fui telle annee meismes a gaifier le duc

390 3706 1015 112 daquitaine. ¶ Le prĩce pepĩ ⁊ les fnͣcois uoiãs q̃

387 3777 1000 103 les roys de france qui lors estoiẽt ne tenoi

384 3851 988 100 ẽt nul ꝓfit ou royaume ne nexcercoient

381 3910 1006 106 les fais ⁊ besoignes dicelui enuoierẽt deu̾s

372 3988 981 104 le ppͣe zacharie qͥl tenoient ꝓdõme ⁊ de bõne

1576 624 1047 97 uie les messages. cest asẜ hulcar aureues

1570 692 1047 94 que de bourges ⁊ fourre chapellaĩ du dit pepin

1570 766 1006 88 pour auoir son conseil. sauoir le quel de

1570 834 1012 82 uoit miex estre roy ou celui qui auoit le

1570 899 1009 97 soing la cure ⁊ le gouu̾nem̃t et faisoit

1567 967 1012 91 touz les fais et besoignes du royaume.

1567 1035 1033 85 ou celui qui nẽ nauoit que le nõ tant seu

1564 1103 1030 88 lem̃t. Et lors le pape par ces dis messages

1564 1171 1006 86 leͥremãda que celui deuoit estre roy et re

1570 1227 1003 109 gner qui auoit la ture et le gouu̾nemẽt

1567 1301 1006 100 du royaume. Et a donc les princes et le

1567 1372 1000 89 peuple sachant le conseil et la response

1567 1440 1009 103 q̃ le dit pape auoit fait eslurent le dit

1567 1505 1009 106 pepin en roy. et le firent enoindre ⁊ co

1564 1564 1027 110 ronner ꝑ la main saint boniface le mrͣ

1561 1644 1021 98 tir en la cite de soissons lan de lincarna

1567 1703 1030 95 ciõ nr̃e seigneur .uiͨi.l. Childeric qui roy

1564 1783 1024 83 estoit appelle fu toudu et mis en une ab

1564 1851 1012 92 baie. et puis regna le roy pepin .xu. ans.

1558 1916 1030 89 iiii. moys ⁊ .xx. iours. si auoit deuãt te te

1564 1984 1045 95 nue la seigneurie du palais ⁊ du royaume

1564 2055 1012 95 puis la mort charle martel son pere .x. ãs.

1624 2120 949 98 En lannee apres quil fu coronne as

1556 2188 1020 95 sambla ses oz et entra en saissoigne et

1564 2247 1012 95 ia soit ce que les saisnes se deffendissẽt

1564 2327 991 92 u̾tueusem̃t en lentree de leur terre. toute

1564 2401 991 86 uoies donnerent il lieu et sen fuirent de

1564 2472 988 83 confis. et le roy cheuaucha tout oultre

1564 2534 1015 92 iusques en un lieu qui est appelle rimi. si

1564 2602 1015 92 siet sur le fleuue de wisare. En celle ost

1564 2670 1015 101 fu occis larceuesque hildegares. lors se

1561 2735 1048 101 remist le roy au retour quant il ot la ter

1564 2815 1042 104 re gastee. En ce que il se retournoit il li

1564 2874 1033 113 fu conte que grifon son frere qui au duc

1564 2951 1068 98 gaifer sen estoit fui estoit tue et cõment

1558 3012 1016 93 et par qui il auoit este occis ¶ Eñ celi

1561 3064 1036 130 temps fist le roy pepin comgie̾r ⁊ amen

1561 3152 1018 104 der les chans et les seruices des eglises

1558 3221 1033 112 de france par lestude et par lauctorite de

1558 3292 1042 109 leglise de rome. Remy larceuesque de ro

1561 3348 1042 115 en frere le roy pepin flourissoit en ce tep̃s

1561 3425 1048 106 en bonnes euures. ¶ En cel au uint en

1561 3496 1027 106 france le pape estienne parler au roy pe

1567 3561 1027 115 pin en la uille de karisi. la cause de sa *

1564 3632 1039 106 uoie si fu que il li requeroit aide ⁊ defense

1567 3700 1036 109 pour lui et pour leglise de rome contre les

1564 3768 1021 106 lombars. apres lui uint charlemaine *

1564 3836 1033 112 frere le roy qui estoit moine de .S̾. beneoit

1564 3898 1027 121 en mont cassin par le cõmandem̃t de sõ

1564 3972 1030 114 albe pour prier le roy son frere que il ne
