3260 5304
813 698 1113 82 hõmage lige. Et cõment depuis il auoit trai

819 757 1082 100 ctie le dit de montfort doulcement et courtoise

822 830 1121 77 ment. Et par especial apres ce que le dit de mõt

819 892 1133 98 fort ot fait requerir au Roy par ses messageᷤ

819 960 1079 89 que il li feist deliurer certaines terres que le cõ

819 1037 1076 85 te de flandres tenoit. les queles il disoit a li

825 1105 1090 100 appartenir. Et en uerite iassoit ce que les dc̃es

822 1175 1088 92 terres ne uaulsissent oultre .iiii. ou .u. mile

819 1246 1082 88 liurees de t̾re. le Roy apres plus messagiers

822 1314 1058 88 enuoiez tant du dit de mont fort deuers le *

819 1384 1055 98 roy cõme du roy deuers le dit de mõt fort.

819 1452 1085 92 le roy cuidant le tenir en bonne et uraie sub

819 1517 1061 91 iection et obeissance cõme tenuz y estoit. li

819 1594 1088 82 fist offrir de le acquiter enuers la duchesse de

819 1659 1117 91 bretaigne qui fu femine du duc charles. de .xͫ.

819 1723 1088 103 liurees de terre que le dit de mont fort estoit te

822 1788 1090 94 nuz de li bailler par le traictie de paix fait en

822 1856 1105 103 tre la duchesse et le dit de montfort. Mais nõ

822 1938 1088 86 obstant ce et que le roy par plus foiz enuoi

825 2009 1087 89 ast par deuers lui messages grans et nota

822 2080 1085 103 bles prelas barons et autres. le dit de mõt

822 2145 1090 106 fort fist uenir en bretaigne grant foison dã

825 2233 1085 94 glois ennemis du roy. Et pour celle cau

825 2292 1079 97 se le Roy y enuoia ses freres les ducs de ber

828 2372 1055 85 ry et de bourgoigne pour faire uindier les

822 2428 1093 103 diz anglois de la seigneurie par force et puis

825 2504 1070 94 sance darmes. Et quant ilz furent ou dit pa

828 2575 1070 91 is de bretaigne le dit de montfort leur ꝓmist

825 2643 1067 88 que il feroit uuidier les diz anglois du dit

831 2707 1061 92 pais de bretaigne. ce quil ne fist pas. Mais

828 2778 1061 89 fist guerre ou pais par la puissance des diz

834 2843 1070 100 anglois. et mist sieges deuant pluẜ uilles

834 2917 1046 94 pour ce quilz ne uouloient receuoir les diz

831 2984 1055 95 anglois dedens les dc̃es uilles. Et pour a

831 3049 1037 92 uoir finance leua fouages et pluẜ autres

831 3126 1058 85 subsides a la grant desplaisance des prelas

831 3182 1076 109 nobles et bonnes uilles du pais. les quelz

831 3261 1052 98 enuoierent deuers le roy a fin quil uousist

834 3326 1067 95 mettre remede en toutes ces choses. et de ce li

834 3406 1081 97 supplierent młt affectueusement. Et pour

834 3474 1061 106 celle cause le roy y enuoia son cõnestable

837 3547 1067 89 et grant foison de gens darmes. les q̃lz par

834 3606 1087 103 force et puissance firent uindier les diz an

837 3683 1064 106 glois du pais. et sen ala le dit de mõtfort

840 3762 1067 89 auecques eulz en angleterre. Et les gens

834 3830 1087 94 du Roy qui estoient ou dit pais de bretaig

834 3898 1081 91 ne trouuerent bonne obeissance en pluseurs

837 3966 1075 88 uilles et chasteaulz. et ceulz qui se tindrent

837 4036 1070 98 par aucun temps rebelles furent mis par

834 4104 1061 118 force et par puissauce en obeissance. tant

2070 704 919 122 que finablement tout le pais de bretaigne

2070 773 896 115 Citez uilles et chasteaulz furent en lobe

2067 832 890 113 issance du Roy et tenuz pour lui et depar

2065 894 894 127 lui. excepte seulement le chastel de brest ou

2069 974 901 122 quel le dit de montfort fist uenir anglois

2072 1034 902 129 qui tousiours le tindrent en rebellion cõ

2072 1107 912 124 tre le Roy. Et le dit de montfort qui estoit

2072 1175 910 121 en angleterre se tint pour ennemi du Roy.

2083 1249 886 106 et admena au dit lien de Brest le conte

2072 1308 884 124 de Cantebruge filz du Roy dangleterre

2078 1387 893 115 et grant foison de gens darmes anglois

2075 1455 896 118 cuidans recouurer le pais et gaaigner ꝑ

2086 1520 904 113 force darmes. Mais les gens du Roy qui

2083 1591 875 115 y estoient et ceulz du pais auecq̃s eulz

2080 1661 891 112 garderent le pais par tele maniere que le

2080 1726 894 106 dit de montfort et ceulz qui estoient uenꝰ

2083 1800 888 103 auecques lui. sen retournerent auecques

2080 1865 897 109 lui en angleterre sanz point faire de leur

2086 1935 888 112 profit. Et aussi auoit le dit de mõtfort

2083 2009 891 94 cheuauchie par le royaume de france en

2080 2068 897 118 la compaignie du duc de lencastre et fait

2086 2142 876 112 tout fait de guerre si cõme desus est dit.

2086 2232 864 87 ¶ Et iassoit ce que les rebellions des

2083 2292 855 94 obeissances et traisons du dit de mont

2080 2369 870 91 fort fussent si notoires par tout le Roy

2089 2439 864 92 aume de france tant en bretaigne cõme

2092 2507 873 91 ailleurs. que aucun de bon entendement

2089 2560 873 97 ne les pouoit ou deuoit ignorer. et que le

2092 2634 876 88 Roy cõme pour fait notoire et ꝑmanãt

2089 2707 858 95 peust sanz autre preces auoir applique

2083 2761 870 106 et confisque a lui et mis en son demaine

2083 2837 876 94 la duchie de bretaigne et toutes les au

2078 2911 875 94 tres terres que le dit de mont fort tenoit

2083 2982 858 88 ou Royaume de france. Touteuoies y

2092 3040 858 95 auoit il uoulu proceder plus meurem̃t

2092 3111 871 92 et auoit fait adiourner le dit de mont

2089 3182 855 100 fort solemnelment pour comparoir eu

2098 3247 858 109 personne deuant lui en sa court de parle

2092 3315 881 97 ment. et pour respondre a son procure᷑

2092 3387 872 107 sur les choses dessus dcẽs au samedi .iiiͤ.

2095 3446 896 107 iour de decembre lan. Mccclixuiii. dessꝰ

2092 3521 879 115 dit. a la quele iournce il nestoit uenuz ne

2092 3586 861 115 comparuz. Si auoit le roy et sa court

2098 3659 858 115 fait son iugement par la maniere que *

2095 3724 873 115 dessus est dit. Et pour executer son iuge

2098 3795 852 109 ment et son arrest entendoit tantost en

2095 3861 879 114 uoier certaines personnes notables po᷑

2101 3927 846 109 prendre royaument et de fait depar lui

2095 3989 858 130 la possession et saisine de toutes les citez

2096 4081 841 116 uilles et forteresces du pais. les quelz
